1837 3017
832 199 1085 239 -54-

251 305 395 359 aliquis
434 312 552 359 atque
589 305 744 359 accepit
780 304 1010 358 symbolam.
1065 302 1229 344 Minime
1262 317 1362 344 vero
1393 317 1440 343 ea
1473 304 1523 344 de
1551 316 1669 344 causa

252 373 430 422 accessit,
459 371 527 411 sed
555 378 599 411 ut
627 386 744 425 quem
772 373 929 412 viseret.
977 373 1166 412 Attamen
1186 371 1370 419 venisset,
1399 377 1444 410 ut
1461 371 1668 424 pecuniam

254 440 462 492 acciperet,
501 438 533 476 si
561 438 601 477 id
630 438 796 478 sciisset.
851 439 968 478 Nunc
996 438 1048 477 ob
1075 438 1191 478 aliam
1221 448 1380 477 causam
1409 437 1588 485 accessit,
1616 442 1671 477 at-

256 519 332 559 que
360 511 403 544 ut
430 505 651 557 symbolam
688 506 905 559 acciperet,
935 520 1015 545 una
1042 506 1192 555 evenit,
1219 503 1339 558 idque
1367 517 1456 544 cum
1483 503 1593 544 illum
1620 504 1672 543 lo-

256 587 343 612 cum
379 571 634 625 frequentare
667 588 746 613 non
783 574 926 614 soleret
960 586 1090 626 neque
1126 579 1208 612 tum
1243 577 1288 611 ut
1325 571 1416 611 illuc
1449 571 1526 611 iret
1558 584 1673 625 coge-

254 646 363 680 retur
379 639 423 692 ¹).

360 710 501 763 Itaque
530 723 643 748 casus
672 715 711 748 et
738 709 818 748 fors
843 715 934 749 sunt
952 723 1095 749 causae
1116 722 1188 762 per
1206 707 1389 748 accidens
1407 721 1544 748 eorum
1572 720 1674 761 quae

257 776 307 815 ob
345 777 517 830 aliquem
555 776 672 814 finem
706 775 791 814 fieri
829 776 967 816 solent.
1024 775 1154 816 Causa
1196 780 1326 815 autem
1368 787 1469 827 quae
1505 780 1566 815 est
1602 787 1674 828 per

258 843 463 892 accidens,
501 843 637 881 eadem
672 842 878 882 indefinita
914 843 965 882 sit
1000 856 1161 882 necesse
1197 848 1268 882 est.
1323 841 1484 882 Etenim
1516 854 1675 894 semper

258 909 407 963 aliquid
434 924 566 949 eorum
595 922 696 961 quae
731 916 799 948 aut
832 916 972 949 natura
1005 915 1097 949 sunt
1131 915 1200 948 aut
1228 922 1251 947 a
1277 908 1532 948 meditatione
1559 908 1675 961 profi-

260 977 468 1027 ciscuntur,
505 975 627 1015 efficit
654 975 693 1014 id
732 975 836 1029 quod
874 976 917 1016 fit
946 990 1040 1017 casu
1075 990 1122 1016 ac
1156 976 1331 1016 fortuito.
1385 975 1531 1016 Aliena
1556 976 1677 1030 igitur

260 1058 372 1083 casus
399 1044 536 1083 nititur
564 1058 694 1093 causa,
725 1043 867 1097 quibus
896 1050 1027 1083 autem
1056 1043 1127 1083 niti
1155 1049 1297 1096 potest,
1326 1056 1462 1084 eorum
1490 1057 1676 1083 numerus

258 1112 470 1150 immensus
500 1118 560 1151 est
587 1126 661 1151 nec
689 1111 777 1151 ullis
806 1110 949 1150 finibus
979 1111 1310 1164 circumscriptus.
1355 1110 1490 1151 Veluti
1516 1111 1582 1151 ille
1610 1111 1676 1165 qui

259 1179 478 1231 symbolam
509 1179 675 1232 accepit,
705 1185 749 1218 ut
767 1179 876 1217 illum
898 1179 1027 1218 locum
1049 1184 1202 1231 peteret
1227 1177 1334 1230 adigi
1358 1177 1486 1232 potuit
1504 1192 1551 1217 eo
1570 1178 1679 1231 quod

259 1245 429 1299 aliquem
460 1246 586 1285 visere
615 1245 785 1296 volebat,
816 1246 879 1286 vel
909 1246 1014 1299 quod
1042 1245 1221 1299 fugiebat
1245 1246 1308 1285 vel
1337 1245 1442 1299 quod
1470 1259 1678 1299 perseque-

260 1313 377 1352 batur
401 1313 570 1366 aliquem
586 1313 626 1365 ²).

365 1379 555 1419 Videmus
591 1381 712 1433 igitur
750 1381 1023 1435 philosophum
1065 1391 1178 1419 casus
1206 1379 1405 1419 notionem
1436 1379 1600 1419 definire
1627 1385 1681 1418 at-

263 1461 339 1500 que
370 1447 608 1487 constituere
638 1448 853 1488 secundum
883 1462 1041 1487 causam
1071 1446 1243 1496 finalem,
1272 1446 1311 1485 id
1331 1447 1435 1499 quod
1463 1446 1612 1500 optime
1639 1446 1680 1485 in

262 1498 481 1553 dbctr'inam
510 1514 787 1554 Aristoteleam
823 1515 1017 1555 convenit.
1073 1515 1260 1553 Attamen
1296 1527 1427 1553 casum
1464 1519 1504 1552 et
1538 1513 1679 1553 fortem

264 1580 452 1619 describit
478 1581 545 1629 ita,
574 1588 616 1619 ut
645 1581 759 1621 simul
788 1581 1047 1621 multitudinis
1068 1586 1107 1619 et
1132 1579 1342 1632 paucitatis
1370 1581 1470 1619 ratio
1498 1580 1679 1620 habenda

263 1646 324 1685 sit.
380 1646 524 1699 Itaque
557 1654 723 1700 apparet
763 1663 875 1687 casus
911 1648 1110 1687 notionem
1146 1660 1225 1686 non
1261 1653 1414 1687 tantum
1442 1648 1483 1687 in
1511 1648 1597 1701 ipsa
1622 1648 1680 1688 rei

263 1719 403 1752 natura
436 1713 604 1766 positam
640 1726 747 1765 esse,
783 1729 920 1754 verum
954 1714 1072 1754 etiam
1110 1714 1358 1768 aliquatenus
1393 1729 1443 1754 ex
1480 1714 1680 1755 hominum

264 1780 501 1832 cogitatione
529 1781 716 1834 pendere.

367 1848 565 1887 Differunt
593 1854 724 1888 autem
755 1863 867 1888 casus
896 1856 934 1888 et
962 1850 1041 1889 fors
1068 1849 1124 1888 ita
1161 1850 1264 1889 inter
1291 1864 1351 1900 se,
1386 1856 1429 1889 ut
1463 1864 1576 1890 casus
1604 1864 1682 1889 am-

264 1914 369 1953 bitus
405 1914 454 1953 sit
489 1914 703 1967 amplioris.
760 1914 1029 1968 Quaecunque
1064 1916 1166 1955 enim
1201 1911 1361 1956 fortuita
1397 1923 1505 1968 sunt,
1544 1916 1682 1957 eadem

267 1988 358 2020 sunt
386 1994 491 2029 casu,
522 1988 658 2019 contra
685 1995 762 2020 non
791 1983 922 2021 omnia
950 1996 1051 2034 quae
1080 1997 1172 2021 casu
1202 1983 1398 2033 accidunt,
1432 1983 1568 2023 eadem
1598 1983 1683 2022 fieri

266 2053 431 2100 possunt
474 2046 548 2085 dici
589 2047 761 2087 fortuito.
816 2048 922 2088 Nam
965 2050 1046 2088 fors
1090 2063 1166 2089 non
1202 2055 1262 2089 est
1294 2049 1367 2089 nisi
1402 2063 1538 2090 eorum
1582 2064 1683 2104 quae

266 2129 387 2167 agere
415 2121 582 2168 possunt
610 2121 728 2167 atque
753 2121 916 2156 utuntur
944 2116 1118 2156 arbitrio.
1165 2118 1306 2170 Itaque
1333 2118 1413 2156 fors
1439 2118 1478 2156 in
1507 2117 1683 2156 homines

267 2182 370 2221 solos
400 2181 505 2221 cadit
516 2181 561 2233 ³).
619 2180 767 2220 Contra
795 2196 907 2222 casus
935 2183 1041 2223 notio
1069 2183 1108 2222 in
1137 2184 1289 2238 reliqua
1316 2197 1473 2238 quoque
1501 2182 1684 2223 animalia

361 2342 383 2383 ¹)
406 2342 442 2372 L.
466 2342 486 2374 1.
514 2344 573 2373 196
590 2342 611 2373 b
628 2344 679 2373 34.
1123 2371 1131 2376 .

360 2397 382 2434 2)
407 2396 506 2435 Phys.
531 2397 572 2432 ΙΙ,
599 2401 626 2426 5.
654 2398 713 2426 197
731 2406 750 2426 a
767 2397 800 2426 8:
830 2394 969 2437 ἀόριστα
992 2395 1057 2438 μὲν
1081 2391 1143 2427 οὖν
1165 2394 1205 2427 τὰ
1229 2398 1318 2428 αἴτια
1341 2395 1471 2438 ἀνάγκη
1495 2396 1591 2435 εἶναι,
1616 2394 1681 2438 ἀφ’

269 2443 316 2482 ὧν
345 2446 387 2481 ἂν
416 2450 547 2490 γένοιτο
576 2447 612 2479 τὸ
642 2447 711 2479 ἀπὸ
742 2446 850 2489 τύχης.
895 2452 924 2482 6.
950 2452 1010 2482 198
1027 2453 1096 2481 a2:
1126 2447 1185 2481 τὸν
1214 2449 1252 2481 δὲ
1280 2447 1408 2492 τρόπον
1436 2451 1492 2491 τῆς
1519 2452 1627 2485 αἰτίας
1648 2448 1686 2481 ἐν

268 2506 337 2538 τοῖς
359 2500 442 2534 ὅθεν
465 2501 482 2541 ἡ
507 2500 591 2542 ἀρχὴ
615 2502 669 2541 τῆς
692 2500 851 2541 κινήσεως
874 2502 1033 2544 ἑκάτερον
1056 2500 1178 2534 αὐτῶν·
1202 2499 1221 2541 ἢ
1243 2501 1309 2544 γὰρ
1331 2504 1397 2536 τῶν
1421 2501 1522 2545 φύσει
1538 2514 1569 2534 τι
1584 2499 1604 2541 ἣ
1619 2501 1685 2533 τῶν

270 2555 337 2588 ἀπὸ
361 2556 513 2590 διανοίας
537 2557 644 2587 αἴτιον
668 2554 722 2587 ἀεί
744 2554 842 2587 ἐστιν·
869 2553 953 2587 ἀλλὰ
976 2554 1105 2588 τούτων
1127 2554 1164 2587 τὸ
1187 2556 1317 2596 πλῆθος
1339 2555 1511 2598 ἀόριστον.
1550 2556 1599 2586 De
1620 2564 1684 2594 quo

272 2611 342 2642 loeo
365 2611 430 2641 vid.
455 2621 583 2642 exeurs.
607 2611 663 2640 111.

362 2663 384 2702 ³)
407 2665 505 2705 Phys.
528 2665 578 2704 11,
609 2666 638 2696 6.
674 2666 729 2696 197
754 2664 775 2696 b
798 2670 830 2697 5:
868 2662 956 2696 ὥσθ’
986 2660 1126 2698 ὁπόσοις
1150 2661 1198 2706 μὴ
1228 2663 1396 2705 ἐνδέχεται
1427 2662 1571 2704 πρᾶξαι,
1604 2659 1684 2695 οὐδὲ
