1837 3017
739 174 989 214 *83-

158 278 360 324 Aristoteli
384 278 484 318 haec
511 290 642 317 rerum
669 276 902 318 universitas
930 284 990 318 est
1016 279 1156 330 una¹),
1195 294 1272 333 quo
1302 279 1481 329 efficitur,
1518 287 1562 321 ut

157 347 223 389 ille
250 358 406 400 quoque
434 342 601 383 mundus
627 342 899 396 intellegibilis,
925 358 1026 384 unus
1058 345 1126 395 sit,
1161 352 1202 386 ut
1236 346 1285 385 sit
1319 346 1447 385 forma
1473 360 1561 395 una,

158 413 266 455 cuius
298 413 472 465 reliquae
504 410 654 449 formae
690 423 824 449 omnes
858 417 950 450 sunt
982 417 1127 465 partes.
1182 413 1321 467 Itaque
1356 412 1453 452 deus
1490 412 1562 451 for-

157 494 307 520 marum
334 478 642 526 universitatem,
670 484 874 530 tamquam
895 478 946 516 sit
963 478 1180 518 substantia
1199 495 1274 519 una
1293 487 1333 520 et
1350 479 1562 528 individua,

159 545 307 599 cogitat
317 543 360 594 ²).
565 546 569 552 ‘

259 612 346 651 Iam
375 626 453 665 qua
479 611 631 651 ratione
651 626 700 651 ex
724 611 792 650 illa
809 612 936 650 forma
963 611 1176 651 universali
1203 613 1299 652 haec
1326 628 1455 653 rerum
1483 612 1564 652 uni-

157 678 323 718 versitas
351 678 525 727 exsistat,
552 678 827 731 inquirendum
859 684 930 717 est.
973 678 1009 716 E
1037 678 1214 716 sanitatis
1234 680 1388 731 quidem
1407 680 1563 719 notione

157 744 297 785 medici
331 750 463 784 mente
498 752 690 799 concepta
721 746 867 785 sanitas
901 746 945 784 fit
971 744 1011 783 in
1041 759 1204 797 corpore
1233 752 1350 798 atque
1379 759 1399 784 e
1427 746 1563 785 domus

156 812 299 859 forma,
329 823 446 861 quam
474 811 647 853 medicus
675 811 838 866 cogitat,
868 811 1006 852 domus
1033 812 1186 852 sensilis
1215 812 1336 852 oritur
1350 812 1392 865 ³).
1447 812 1565 852 Perfi-

157 878 256 917 citur
292 884 422 917 autem
458 880 532 918 hoc
567 880 759 929 motione,
798 893 900 932 quae
935 881 1107 919 omnium
1140 894 1271 919 rerum
1309 887 1368 918 est
1394 881 1563 919 creatrix

158 951 277 998 atque
313 946 504 985 effectrix.
556 946 709 986 Pariter
745 946 840 987 deus
882 952 926 985 ut
959 948 1085 987 forma
1115 947 1346 987 universalis
1381 947 1450 986 fiat
1482 961 1566 985 sen—

158 1013 257 1063 silis,
293 1012 412 1053 efficit
448 1014 632 1053 motione.
685 1015 789 1055 Nam
826 1015 910 1067 ipse
938 1016 1063 1055 omnis
1091 1021 1220 1054 motus
1246 1015 1479 1068 principium
1509 1021 1569 1053 est

158 1087 197 1119 et
224 1080 346 1133 origo.
395 1080 462 1120 Sic
481 1080 576 1120 deus
595 1081 699 1120 hunc
717 1081 906 1121 mundum
934 1081 1118 1130 condidit,
1149 1096 1236 1121 cum
1264 1082 1434 1120 motione
1461 1081 1567 1137 illam

156 1148 359 1186 materiam
392 1148 496 1187 ‹nnni
526 1162 575 1187 ex
601 1155 717 1199 parte
749 1149 942 1188 infinitam
976 1150 1190 1188 seeundum
1225 1151 1387 1188 formam
1416 1150 1568 1187 univer-

158 1213 277 1253 salem
312 1220 568 1268 componeret
604 1229 651 1255 ac
686 1215 867 1268 fingeret.
924 1216 1113 1256 Videmus
1150 1216 1268 1269 igitur
1302 1217 1341 1255 in
1368 1215 1564 1269 principio

158 1294 309 1320 summo
337 1294 496 1320 causam
523 1282 692 1331 finalem,
722 1283 938 1333 formalem,
974 1283 1205 1322 efficientem
1234 1284 1336 1322 coire
1362 1283 1402 1321 in
1431 1296 1564 1322 unum.

155 1349 258 1388 Nam
284 1350 412 1388 forma
438 1363 556 1401 quam
583 1363 727 1388 numen
764 1350 936 1389 divinum
967 1352 1113 1403 cogitat
1140 1357 1199 1390 est
1224 1365 1356 1389 rerum
1383 1350 1482 1399 finis,
1512 1357 1565 1390 at-

158 1428 233 1467 que
265 1414 368 1454 idem
411 1414 507 1454 deus
535 1416 602 1469 qui
638 1417 804 1456 formam
840 1424 974 1456 mente
1001 1417 1185 1470 percipit,
1226 1418 1347 1456 efficit
1376 1430 1460 1456 eam
1488 1431 1565 1455 mo-

155 1482 275 1520 tione.
334 1481 435 1521 Cum
463 1496 557 1521 vero
592 1485 734 1523 summi
773 1484 995 1523 intellectus
1029 1484 1213 1536 cogitatio
1242 1485 1292 1523 sit
1315 1484 1566 1535 cogitationis

157 1548 353 1600 cogitati0‚
383 1549 450 1588 ubi
475 1549 573 1589 fines
602 1550 713 1603 ponit
740 1557 857 1604 atque
886 1550 1047 1590 adducit
1074 1551 1123 1589 ad
1152 1551 1348 1600 effectum,
1377 1565 1455 1590 non
1483 1564 1568 1604 per—

157 1616 343 1668 sequitur,
380 1631 480 1669 quae
515 1632 538 1656 a
574 1630 615 1656 se
652 1617 808 1656 diversa
842 1623 880 1656 et
916 1618 1044 1656 aliena
1082 1618 1176 1667 sint,
1213 1618 1331 1657 immo
1359 1618 1489 1657 omnia
1517 1631 1567 1656 ex

156 1695 227 1721 sua
268 1682 389 1735 ipsius
430 1689 572 1723 natura
611 1683 808 1736 promit⁴).
863 1684 1003 1737 Itaque
1045 1684 1122 1723 iam
1164 1685 1269 1736 apud
1311 1685 1563 1724 Aristotelem

157 1749 292 1799 habes,
322 1749 426 1802 quod
451 1750 647 1803 Spinozae
676 1750 908 1804 philosopho
937 1764 1124 1804 opponere,
1153 1751 1215 1791 cui
1244 1752 1450 1804 quominus
1479 1766 1566 1791 cau-

157 1830 239 1855 sam
265 1817 421 1856 finalem
451 1832 722 1869 agnoscamus,
751 1817 814 1856 dei
841 1818 1075 1857 sufficientia
1101 1818 1257 1857 obstare
1282 1818 1447 1875 videtur,
1477 1833 1564 1857 cum

158 1882 189 1922 si
231 1882 327 1923 deus
367 1890 529 1938 propter
558 1884 677 1925 finem
710 1890 865 1938 ageret,
906 1884 1050 1938 aliquid
1089 1884 1307 1925 necessario
1348 1890 1564 1939 appeteret,

250 2059 270 2096 ¹)
294 2059 371 2090 Met,
394 2061 441 2096 A,
470 2062 517 2090 10.
543 2062 623 2090 1075
641 2070 660 2090 a
680 2062 734 2090 18:
758 2059 842 2101 πρὸς
862 2059 927 2102 μὲν
949 2058 1014 2101 γὰρ
1037 2059 1074 2090 ἓν
1097 2057 1232 2091 ἅπαντα
1256 2062 1481 2093 συντέτακται.

249 2125 272 2164 ⁷)
297 2125 348 2157 Cf.
379 2127 650 2168 Trendelenburg.
685 2129 765 2169 Log.
799 2129 924 2159 Unters.
954 2128 1005 2163 11,
1048 2131 1126 2159 444:
1168 2129 1274 2167 ¹,Aber
1310 2131 1371 2160 wie
1407 2140 1464 2161 vor
1493 2131 1569 2161 Gott

159 2180 295 2210 tausend
310 2179 410 2211 Jahre
433 2181 505 2211 sind
527 2183 589 2211 wie
603 2182 666 2211 Ein
683 2183 763 2222 Tag,
787 2192 822 2212 so
846 2181 917 2211 sind
934 2191 992 2211 vor
1007 2181 1076 2211 ihm
1098 2184 1234 2213 tausend
1249 2184 1315 2213 und
1339 2184 1415 2213 aber
1435 2184 1569 2214 tausend

160 2231 313 2262 Schlflsse
341 2234 403 2263 wie
430 2234 492 2264 Ein
523 2234 649 2274 Begriff
677 2235 744 2264 und
779 2234 829 2264 die
865 2234 1071 2265 verwiokelte
1098 2235 1185 2265 Welt
1218 2236 1279 2265 wie
1310 2236 1391 2266 Eine
1425 2236 1570 2266 einfache

161 2284 372 2318 Thatsaehef

251 2354 275 2393 ³)
299 2355 376 2385 Met.
400 2356 436 2393 Z,
461 2357 489 2385 7.
519 2357 597 2386 1032
613 2355 634 2386 b
655 2359 710 2387 11:
742 2352 824 2387 ὥστε
852 2355 1032 2396 συμβαίνει
1059 2353 1187 2397 τρόπον
1209 2354 1282 2387 τινὰ
1306 2356 1341 2392 ἐξ
1363 2354 1488 2397 ὑγιείας
1511 2354 1568 2394 τὴν

161 2404 292 2448 ὑγίειαν
318 2409 472 2448 γίνεσθαι
503 2409 560 2439 καὶ
587 2407 646 2448 τὴν
673 2410 783 2440 οἰκίαν
811 2407 846 2443 ἐξ
873 2409 1000 2448 οἰκίας,
1033 2408 1089 2448 τῆς
1121 2405 1200 2441 ἄνευ
1231 2406 1307 2447 ὕλης
1335 2408 1393 2449 τὴν
1423 2408 1569 2450 ἔχουσαν

162 2457 254 2501 ὕλην.

249 2527 275 2565 ⁴)
297 2526 373 2556 Met.
396 2527 443 2564 Λ,
471 2528 520 2557 10.
548 2528 627 2558 10⁷5
644 2526 665 2558 b
682 2528 717 2557 8:
735 2523 963 2570 Ἀναξαγόρας
986 2526 1025 2558 δὲ
1047 2524 1090 2562 ὡς
1113 2527 1227 2558 κινοῦν
1248 2524 1284 2558 τὸ
1301 2523 1436 2567 ἀγαθὸν
1452 2523 1571 2567 ἀρχήν,

164 2576 181 2609 ὁ
204 2577 270 2621 γὰρ
292 2579 372 2613 νοῦς
394 2581 491 2610 κινεῖ·
521 2576 606 2610 ἀλλὰ
628 2582 714 2611 κινεῖ
733 2578 830 2611 ἕνεκά
853 2590 952 2619 τινος,
975 2577 1059 2612 ὥστε
1081 2580 1203 2622 ἕτερον.
1234 2578 1320 2620 πλὴν
1343 2578 1386 2614 ὠς
1408 2577 1502 2621 ἡμεῖς
1523 2581 1573 2611 λέ-

163 2641 280 2676 γομεν·
303 2630 322 2674 ἧ
344 2630 411 2675 γὰρ
433 2630 563 2676 ἰατρική
586 2632 658 2665 ἐστί
678 2643 748 2667 πως
769 2631 788 2674 ἡ
811 2630 931 2675 ὑγίεια.

1273 2691 1324 2730 6*
