1837 3017
819 194 1070 235 —58-

233 299 349 351 eique
384 305 516 352 partes
549 298 733 338 tribuisse
767 313 908 340 causae
943 299 1219 347 secundariae,
1258 297 1484 358 neglexisse
1521 305 1649 339 nutem

233 365 396 405 alteram
425 367 506 405 eius
534 371 736 416 naturam,
771 366 1043 419 privationem.
1098 365 1146 405 Id
1175 365 1278 405 enim
1307 364 1413 418 quod
1446 371 1648 405 remanent

231 437 270 472 et
297 446 376 472 non
404 432 570 472 intereat
599 446 758 473 causam
789 431 1059 473 secundariam
1079 440 1171 472 esse
1191 445 1322 472 rerum
1343 443 1445 485 quae
1463 432 1648 482 orientur,

233 499 370 538 matris
398 499 520 538 instar
538 499 578 551 ¹),
614 506 753 539 contra
788 501 949 539 alteram
979 500 1236 553 oppositionis
1263 505 1433 552 partem,
1468 499 1651 551 privatio-

234 579 346 615 nem,
376 565 409 605 si
438 566 525 619 quis
554 567 604 606 ad
631 567 773 607 malam
803 566 884 606 eius
911 566 993 608 vim
1020 573 1059 607 et
1083 565 1357 607 efficacitatem
1386 566 1560 607 animum
1587 565 1650 606 ed-

231 638 372 681 vertat,
403 634 678 687 appariturum
706 647 794 673 esse
820 635 985 674 formam
1014 648 1172 686 prorsus
1200 647 1278 673 non
1307 633 1547 686 adiuva-0¹).

344 698 550 753 Quidquid
592 703 711 754 igitur
751 702 889 751 oritur,
934 701 978 739 fit
1015 715 1036 740 e
1075 701 1307 753 privatione.
1361 700 1475 739 Haec
1518 708 1672 741 autem·

238 766 364 820 perit,
402 768 470 808 ubi
509 783 572 808 res
607 769 741 819 oritur,
779 774 915 808 contra
950 774 1084 807 manet
1117 766 1292 808 materia.
1343 767 1448 808 Nam
1480 767 1652 821 'privatio

235 847 308 886 per
336 848 378 873 se
406 849 483 874 non
514 843 589 885 est,
627 836 696 874 sed
726 840 787 873 est
813 847 922 873 mera
948 834 1098 873 formae
1133 834 1312 887 negatio,
1351 848 1451 887 quae
1479 835 1653 874 cernitur

230 901 271 939 in
300 902 476 951 materia,
506 902 571 942 ubi
599 892 697 944 h‘aee
725 903 891 941 formam
912 901 1086 940 nondum
1106 901 1267 954 recepit.
1311 901 1452 954 Itaque
1479 916 1558 942 non
1577 915 1650 956 per

232 981 276 1006 se
305 968 518 1021 quidquam
549 969 672 1009 oritur
700 984 721 1009 e
749 968 987 1021 privatione,
1026 968 1095 1008 sed
1123 981 1195 1021 per
1223 967 1427 1018 accidens,
1463 982 1551 1008 cum
1580 969 1650 1009 fiat

234 1048 255 1074 e
283 1036 493 1086 substrato,
524 1038 564 1077 in
593 1052 670 1091 quo
699 1042 759 1076 est
786 1035 956 1090 privatio
971 1034 1014 1088 ³).

338 1102 419 1143 Sed
450 1111 509 1143 est
536 1105 652 1144 etiam
680 1104 866 1158 privatio,
904 1118 1006 1156 quae
1041 1104 1157 1144 duret
1194 1110 1312 1157 atque
1341 1104 1391 1143 sit
1417 1104 1567 1144 formae
1594 1106 1650 1145 in·

232 1170 366 1223 ποτ’).
424 1171 546 1212 Cuius
585 1171 742 1225 generis
780 1177 839 1210 est
874 1171 1036 1212 morbus
1066 1172 1259 1225 corporis,
1293 1171 1480 1212 tenebrae
1507 1172 1647 1222 noctis,

231 1282 295 1302 non
319 1272 427 1311 habet,
452 1275 549 1304 immo
573 1271 714 1315 δυνάμει
739 1273 794 1303 hic
816 1274 980 1313 significat
1003 1274 1086 1303 idem
1101 1274 1186 1313 quod
1208 1271 1288 1304 εἴδει
1311 1274 1345 1303 in
1369 1273 1439 1304 loco
1462 1274 1571 1313 paullo
1595 1284 1648 1306 su—

230 1335 287 1364 pra
309 1326 424 1357 allato}
447 1327 504 1357 καὶ
527 1327 623 1357 τοῦτο
648 1328 678 1357 εἰ
699 1327 755 1357 καὶ
779 1323 916 1368 ἀριθμῷ
939 1325 1029 1357 ἐστὶν
1052 1326 1099 1364 ἓν,
1123 1324 1199 1357 ἀλλ’
1224 1325 1305 1357 εἴδει
1326 1335 1365 1367 γε
1388 1324 1452 1367 οὐχ
1474 1325 1519 1358 ἕν.

323 1382 344 1420 ¹)
368 1381 493 1413 Platon.
519 1381 601 1411 Tim.
625 1380 715 1411 50D.
740 1381 823 1410 'rim
849 1380 941 1412 Locr.
967 1381 1052 1411 9413.
1383 1419 1386 1420 ⁷

321 1435 344 1472 ⁴²)
368 1434 467 1474 Phys.
492 1434 518 1471 Ι,
543 1435 572 1465 9.
600 1436 657 1463 192
675 1443 694 1463 e
710 1435 743 1463 9:
772 1434 873 1473 μέχρι
899 1432 964 1474 μὲν
992 1431 1058 1473 γὰρ
1088 1431 1187 1474 δεῦρο
1211 1433 1397 1473 προῆλθον,
1427 1430 1477 1463 ὅτι
1500 1432 1555 1464 δεῖ
1574 1432 1647 1466 τινὰ

229 1486 434 1519 ὑποκεῖσθαι
463 1484 586 1528 φύσιν,
615 1482 737 1524 ταύτην
765 1486 882 1526 μέντοι
911 1488 996 1527 μίαν
1024 1486 1193 1518 ποιοῦσιν·
1225 1486 1282 1517 καὶ
1308 1485 1375 1527 γὰρ
1404 1488 1436 1518 εἴ
1461 1497 1507 1521 τις
1536 1485 1647 1518 δυάδα

231 1543 331 1578 ποιεῖ,
356 1541 464 1580 λέγων
486 1541 576 1581 μέγα
600 1539 656 1569 καὶ
679 1536 804 1578 μικρὸν
828 1534 942 1577 αὐτήν,
972 1535 1076 1569 οὐθὲν
1104 1530 1201 1577 ἧιτον
1232 1536 1331 1570 ταύτὸ
1363 1542 1469 1570 ποιεῖ·
1497 1538 1557 1579 τὴν
1578 1538 1645 1582 γὰρ

232 1593 349 1635 ἑτέραν
372 1592 544 1634 παρεῖδεν.
574 1590 591 1630 ἡ
614 1591 679 1633 μὲν
702 1590 768 1632 γὰρ
790 1588 1012 1632 ὑπομένουσα
1036 1593 1189 1624 συναιτία
1220 1591 1259 1634 τῇ
1280 1592 1400 1635 μορφῇ
1422 1593 1489 1624 τῶν
1511 1595 1649 1636 γινομέ-

230 1657 300 1680 νων
323 1646 423 1685 ἐστίν,
453 1643 566 1688 ὥσπερ
594 1643 711 1687 μήτηρ·
741 1642 760 1684 ἡ
785 1642 817 1675 δ’
844 1644 939 1687 ἑτέρα
965 1647 1071 1687 μοῖρα
1099 1645 1152 1685 τῆς
1176 1643 1399 1681 ἐναντιώσεως
1421 1644 1583 1682 πολλάκις
1605 1643 1648 1679 ἂν

232 1702 446 1743 φαντασθείη
474 1700 519 1739 τῷ
550 1697 635 1740 πρὸς
662 1696 699 1729 τὸ
732 1697 922 1730 κακοποιὸν
952 1696 1053 1737 αὐτῆς
1086 1695 1265 1736 ἀτενίζοντα
1299 1697 1359 1739 τὴν
1388 1697 1545 1732 διάνοιαν
1566 1697 1644 1731 οὐδ’

230 1754 314 1787 εἶναι
337 1752 373 1786 τὸ
399 1750 576 1795 παράπαν,
599 1753 668 1786 soil.
693 1754 847 1785 ovvanta
864 1752 903 1795 τῇ
917 1752 1040 1794 μορφῇ
1064 1752 1129 1785 τῶν
1151 1754 1352 1795 γινομένων.
1388 1753 1515 1792 Quibus
1539 1754 1647 1786 verbis

229 1810 327 1840 aliam
350 1813 446 1848 atque
469 1817 528 1838 nos
552 1808 743 1839 sententiam
767 1807 889 1838 subicit
911 1807 1087 1845 Prantlius,
1110 1816 1183 1838 cum
1206 1807 1438 1848 interpretetur.
1478 1808 1647 1846 ‚Namlioh

224 1864 316 1903 jenes
340 1861 594 1900 Substanzielle‚
624 1861 763 1893 welches
786 1860 940 1892 bestehen
963 1860 1081 1899 bleibt,
1112 1862 1156 1891 ist
1179 1861 1354 1901 sllerdings
1376 1861 1575 1893 Mitnrsaohe
1596 1862 1649 1893 fflr

229 1917 280 1946 (lie
296 1915 491 1954 Gestaltung
506 1915 561 1945 des
578 1915 830 1952 Entstehenden,
853 1914 1031 1954 gleichsam
1048 1916 1109 1944 wie
1128 1915 1199 1944 eine
1213 1914 1344 1951 Mutter,
1367 1914 1443 1945 aber
1465 1915 1516 1946 die
1532 1916 1648 1947 endere

230 1970 315 2000 Seite
338 1968 393 1998 des
418 1968 712 2008 Gegensatzpaares
744 1968 872 1998 moohte
895 1968 1115 2007 demjenigen,
1145 1966 1283 1997 welcher
1310 1967 1368 1997 auf
1387 1968 1439 1998 die
1461 1968 1541 1999 bose
1563 1969 1647 2001 Wit-

229 2023 322 2062 kung
346 2021 511 2051 derselben
540 2021 650 2054 scharf
676 2022 733 2053 das
756 2021 964 2062 Augenmerk
986 2020 1118 2059 richtet,
1148 2020 1195 2051 oft
1224 2020 1300 2051 eher
1321 2030 1380 2060 gar
1401 2021 1493 2052 nicht
1515 2032 1556 2053 zu
1578 2024 1647 2054 exi-

228 2077 326 2107 stiren
350 2075 535 2106 scheinen.“
582 2075 643 2105 Sed
666 2086 743 2106 num
768 2076 843 2106 inde
866 2075 952 2115 quod
975 2074 1099 2114 aliquid
1122 2075 1157 2104 vi
1180 2075 1282 2104 utitur
1303 2074 1388 2105 mals
1402 2084 1440 2106 ae
1455 2077 1645 2115 perniciose,

228 2130 262 2161 id
283 2130 413 2161 omnino
436 2138 501 2159 non
526 2137 595 2158 esse
617 2129 729 2169 colligi
753 2130 881 2169 potest?

318 2182 341 2222 ³)
364 2183 402 2216 L.
425 2183 447 2214 l.
479 2183 505 2221 1,
538 2185 567 2213 8.
596 2185 649 2213 191
670 2183 691 2213 b
711 2185 765 2214 13:
800 2180 895 2225 ἡμεῖς
932 2180 969 2213 δὲ
1006 2181 1063 2212 καὶ
1100 2178 1201 2212 αὐτοί
1231 2191 1347 2224 φαμεν
1375 2181 1555 2225 γίγνεσθαι
1581 2183 1647 2227 μὲν

229 2236 331 2269 οὐδὲν
355 2234 471 2271 ἁπλῶς
493 2236 530 2266 ἔκ
552 2235 600 2278 μὴ
624 2231 731 2274 ὄντος,
755 2234 846 2279 ὅμως
867 2238 983 2278 μέντοι
1007 2237 1187 2276 γίγνεσθαι
1212 2234 1250 2265 ἐκ
1263 2234 1310 2277 μὴ
1333 2232 1440 2276 ὄντος,
1466 2233 1539 2269 οἷον
1561 2236 1646 2269 κατὰ

229 2287 455 2334 συμβεβηκός·
480 2288 517 2320 ἐκ
539 2288 605 2331 γὰρ
629 2290 684 2329 τῆς
707 2286 898 2332 στερήσεως,
921 2286 940 2321 ὅ
964 2288 1031 2320 ἔστι
1056 2285 1139 2319 καθ’
1165 2285 1246 2319 αὐτὸ
1269 2286 1316 2330 μὴ
1340 2284 1390 2328 ὅν,
1414 2287 1475 2321 οὐκ
1499 2288 1646 2332 ἐνυπάρ..

225 2356 347 2386 χοντος
367 2346 523 2386 γίγνεταί
541 2355 582 2384 u,
607 2345 637 2377 h.
656 2355 681 2375 e.
706 2354 723 2375 e
747 2345 927 2384 privatione
950 2344 1047 2380 enim,
1072 2351 1154 2382 quae
1178 2352 1233 2393 per
1247 2352 1282 2373 se
1297 2347 1344 2374 eet
1365 2354 1429 2375 non
1452 2355 1521 2384 ens,
1546 2346 1647 2376 oritur

225 2399 360 2437 aliquid,
384 2407 457 2427 cum
481 2397 539 2426 illa
554 2398 587 2426 in
604 2407 640 2426 eo
657 2407 721 2426 non
745 2397 833 2426 insit.
869 2397 894 2433 1,
920 2399 949 2425 7.
978 2398 1036 2426 190
1053 2406 1072 2426 a
1088 2397 1124 2425 9:
1151 2395 1217 2425 τῶν
1241 2393 1279 2425 δὲ
1301 2397 1514 2437 γιγνομένων
1537 2395 1581 2431 ὡς
1602 2395 1643 2427 τὰ

227 2449 319 2483 ἁπλᾶ
342 2452 487 2493 λέγομεν
509 2450 700 2491 γίγνεσθαι,
731 2447 767 2481 τὸ
795 2447 861 2491 μὲν
884 2446 1058 2492 ὑπομένον
1079 2448 1230 2489 γίγνεται
1252 2445 1288 2480 τὸ
1312 2445 1346 2480 δ’
1373 2448 1439 2491 οὐχ
1461 2446 1645 2492 ὑπομένον.
1697 2487 1701 2492 ,

227 2503 244 2535 ὁ
268 2504 334 2545 μὲν
355 2502 422 2544 γὰρ
446 2499 630 2542 ἅνθρωπος
658 2500 819 2543 ὑπομένει
850 2501 1015 2543 μουσικὸς
1044 2498 1246 2542 γιγνόμενος
1272 2497 1455 2542 ἅνθρωπος
1480 2504 1537 2534 καὶ
1565 2503 1646 2541 ἔστι,

229 2555 263 2590 τὸ
289 2557 327 2590 δὲ
349 2555 395 2602 μὴ
407 2554 580 2602 μουσικὸν
596 2557 651 2589 καὶ
669 2553 707 2589 τὸ
725 2550 880 2599 ἄμουσον
897 2550 972 2589 οὔτε
989 2552 1103 2590 ἁπλῶς
1119 2548 1193 2587 οὔτε
1209 2556 1457 2600 συντιθέμενον
1472 2553 1646 2600 ὑπομένει.

316 2614 342 2651 ⁴)
365 2614 400 2642 L.
425 2613 446 2642 l.
470 2613 513 2649 ΙΙ,
541 2615 567 2641 1.
595 2614 653 2642 193
670 2612 691 2642 b
712 2614 764 2641 18:
798 2608 817 2649 ἡ
850 2610 889 2641 δέ
914 2620 953 2650 γε
980 2607 1099 2651 μορφὴ
1128 2610 1185 2639 καὶ
1207 2607 1227 2648 ἧ
1250 2608 1351 2652 φύσις
1381 2610 1483 2651 δοχαῖς
1504 2610 1643 2650 λέγεται.

230 2665 289 2699 καὶ
310 2663 375 2708 γὰρ
398 2662 417 2705 ἡ
442 2666 592 2707 στέρησις
615 2661 704 2700 εἶδός
727 2660 797 2700 πώς
820 2662 922 2697 ἔστιν.
