1837 3017
822 165 1073 205 ,50-

241 278 496 312 excrementa
522 278 662 326 sponte
688 279 918 326 sequuntur.
965 273 1152 312 Attamen
1181 279 1322 313 natura
1347 274 1513 326 provida
1538 273 1657 314 rebus

241 339 355 380 huius
384 353 539 394 quoque
567 339 737 391 generis,
767 346 955 393 quantum
975 340 1059 380 fieri
1087 329 1230 395 potest,
1259 339 1382 380 utitur
1399 340 1468 391 ita,
1496 346 1539 381 ut
1556 355 1658 381 com-

241 408 348 448 modi
386 408 477 460 quid
514 408 691 446 afferant.
747 408 878 447 Veluti
914 407 1027 446 urina
1061 409 1186 447 eiecta
1219 406 1433 446 bestiarum
1462 409 1656 460 quaedam

241 489 391 529 genera
418 474 467 513 ab
496 475 660 514 aliarum
688 474 783 527 ipsis
810 475 1037 514 infestarum
1071 475 1218 527 impetu
1246 487 1290 513 se
1317 473 1570 514 defendunt*
1602 475 1657 515 At

239 543 279 581 in
314 541 493 580 omnibus
536 541 727 580 eiusmodi
770 542 887 580 rebus
928 540 968 579 id
1008 541 1091 580 fieri
1127 555 1203 580 non
1241 547 1384 592 potest.
1440 542 1569 589 Quam
1604 542 1656 581 ob

239 622 396 648 causam
431 607 579 661 ubique
614 607 711 647 fines
752 614 914 647 naturae
953 615 993 647 et
1023 608 1184 647 consilia
1216 621 1406 661 quaerere
1444 622 1522 648 non
1551 608 1654 658 licet,

239 675 308 715 sed
336 690 424 715 cum
454 675 555 715 aliae
582 690 645 714 res
674 675 849 714 oriantur
876 675 964 714 finis
992 676 1155 715 alicuius
1184 688 1313 724 eausa,
1341 674 1442 714 aliae
1461 676 1657 716 exsistunt

238 743 461 782 necessario
479 743 519 794 ¹).
577 742 689 790 Quae
726 748 857 780 autem
892 742 961 781 tali
996 743 1112 782 modo
1139 742 1360 782 necessaria
1387 748 1495 791 sunt,
1536 742 1657 795 hypo-

238 810 408 851 theticae
435 810 679 850 necessitatis
707 809 806 849 fines
834 809 911 849 iam
943 810 1075 864 aliqua
1104 824 1151 850 ex
1180 816 1293 863 parte
1322 810 1588 863 egrediuntur.

342 877 400 917 Ut
428 877 634 916 dilucidius
662 883 862 929 appareat,
893 890 995 929 quae
1023 878 1073 916 sit
1104 876 1347 916 necessitatis
1376 877 1654 930 hypotheticae

241 946 344 999 apud
386 944 639 985 Aristotelem
681 944 739 982 vis
781 951 900 998 atque
941 951 1102 995 natura,
1150 944 1339 984 addamus
1379 944 1654 998 philosophum

239 1013 394 1066 saepius
429 1025 516 1055 eam
551 1011 727 1050 conferre
764 1011 989 1051 necessitati
1020 1025 1122 1064 quae
1150 1011 1323 1050 cernitur
1348 1011 1387 1050 in
1414 1012 1655 1065 syllogismo.

237 1080 519 1118 Demonstrare
549 1078 653 1117 enim
681 1079 712 1116 si
742 1078 835 1130 quid
864 1078 1057 1129 volumus,
1085 1079 1159 1118 hoc
1187 1079 1313 1132 ipsum
1343 1084 1403 1118 est
1429 1079 1530 1133 finis,
1564 1078 1588 1118 i.
1617 1091 1653 1118 e.

238 1145 437 1185 conclusio
480 1145 568 1183 finis
610 1150 681 1183 est.
738 1145 851 1184 Haec
894 1149 1025 1185 autem
1062 1152 1106 1185 ut
1141 1146 1326 1193 exsistat,
1366 1145 1654 1199 propositiones

237 1219 327 1253 sunt
354 1212 647 1252 adsciscendae.
690 1212 936 1266 Principium
955 1212 1076 1266 igitur
1096 1213 1343 1266 cogitationis
1362 1220 1422 1253 est
1440 1212 1654 1263 conclusio,

238 1294 339 1334 quae
368 1280 399 1318 si
427 1293 504 1318 non
533 1286 611 1329 est,
645 1293 694 1318 ne
722 1281 941 1332 praemissa
969 1279 1127 1332 quidem
1156 1286 1264 1328 sunt,
1300 1280 1359 1319 sin
1388 1285 1518 1319 autem
1547 1279 1654 1318 illam

237 1362 323 1387 esse
360 1347 561 1396 volumus,
608 1347 824 1399 propositio
866 1348 991 1387 maior
1025 1353 1066 1386 et
1107 1347 1232 1387 minor
1269 1346 1515 1387 adhibendae
1551 1353 1653 1386 sunt.

238 1413 442 1466 Simulque
470 1419 635 1466 apparet
664 1414 949 1466 propositiones
969 1427 991 1452 e
1011 1414 1262 1453 conclusione
1289 1426 1376 1452 esse
1404 1418 1516 1466 aptas
1535 1419 1654 1466 atque

238 1496 308 1534 per
337 1497 424 1521 eam
455 1481 653 1520 constitui.
708 1482 813 1521 Nam
841 1481 908 1520 ubi
937 1480 1041 1520 aliud
1070 1487 1130 1520 est
1165 1469 1535 1531 demonstrandum,
1568 1479 1653 1520 aliis

237 1562 337 1601 opus
365 1553 424 1585 est
452 1547 688 1600 praemissis.
733 1548 875 1601 Neque
905 1547 1017 1586 aliter
1045 1561 1107 1586 res
1136 1547 1174 1586 in
1204 1547 1423 1587 actionibus
1452 1560 1494 1586 se
1522 1546 1652 1586 habet.

238 1615 394 1653 Etenim
425 1614 456 1652 si
485 1614 572 1652 finis
600 1615 712 1653 nobis
740 1616 962 1667 propositus
990 1621 1071 1663 est,
1101 1616 1133 1653 is
1162 1615 1393 1667 principium
1423 1621 1484 1653 est
1511 1614 1655 1666 cogita-

235 1680 362 1730 tionis,
392 1679 460 1719 sed
492 1685 534 1718 ut
562 1680 808 1732 perficiamus
837 1694 940 1730 eum,
970 1681 1055 1720 aliis
1084 1695 1182 1735 opus
1211 1687 1271 1720 est
1298 1693 1370 1734 per
1398 1694 1500 1734 quae
1519 1681 1584 1720 ille
1603 1681 1652 1720 ad

236 1749 416 1787 effectum
445 1747 568 1799 possit
596 1748 749 1788 adduci.
798 1749 909 1788 Haec
937 1749 1057 1800 igitur
1083 1748 1251 1788 eundem
1279 1762 1440 1801 prorsus
1468 1761 1585 1801 quem
1612 1748 1651 1788 iu

234 1814 462 1867 syllogismo
490 1814 707 1866 praemissa
735 1815 861 1855 locum
890 1815 1079 1855 obtinent.
1126 1816 1267 1869 Itaque
1295 1815 1383 1855 finis
1412 1814 1445 1854 si
1471 1829 1550 1854 non
1579 1821 1650 1865 est,

235 1897 285 1921 ne
312 1897 359 1921 ca
388 1882 547 1935 quidem
575 1888 666 1921 sunt
694 1896 765 1934 per
794 1896 896 1935 quae
926 1883 1105 1933 efficitur,
1134 1883 1282 1936 pariter
1308 1890 1426 1936 atque
1454 1882 1651 1923 conclusio

236 1949 303 1989 ubi
335 1942 416 1989 'non
450 1956 526 1999 est,
563 1963 613 1988 ne
649 1949 866 2003 praemissa
899 1948 1056 2002 quidem
1091 1950 1233 2001 sunt').
1290 1950 1361 1990 Sin
1396 1957 1526 1990 autem
1562 1964 1652 1990 con·

326 2098 347 2139 ¹)
371 2099 407 2129 L.
432 2099 453 2130 l.
478 2099 533 2136 tv,
559 2101 586 2130 2.
611 2101 671 2130 677
688 2109 708 2129 a
729 2101 781 2128 15:
811 2096 1013 2137 καταχρῆται
1041 2095 1107 2137 μὲν
1135 2091 1196 2128 οὖν
1223 2095 1327 2128 ἐνίοτε
1359 2095 1377 2137 ἡ
1406 2096 1510 2140 φύσις
1540 2099 1586 2133 εἷς
1613 2096 1649 2130 τὸ

233 2149 410 2193 ὠφέλιμον
434 2152 491 2182 καὶ
515 2153 583 2185 τοῖς
606 2148 863 2192 περιττώμασιν,
888 2147 930 2180 οὐ.
953 2148 1022 2191 μὴν
1039 2146 1094 2179 διὰ
1111 2149 1209 2180 τοῦτο
1226 2148 1279 2181 δεῖ
1293 2151 1398 2188 ζητεῖν
1420 2148 1531 2183 πάντα
1553 2151 1651 2183 ἕνεκα

232 2206 338 2243 τίνος,
366 2202 451 2236 ἀλλὰ
475 2205 575 2238 τινῶν
599 2199 706 2236 ὄντων
729 2201 888 2236 τοιούτων
911 2202 1006 2245 ἕτερα
1029 2202 1065 2238 ἐξ
1088 2199 1237 2244 ἀνάγκης
1265 2206 1442 2247 συμβαίνει
1465 2203 1522 2237 διὰ
1546 2205 1650 2237 ταῦτα
1691 2198 1693 2200 ’

233 2256 353 2290 πολλά.

323 2311 346 2350 ²)
370 2312 468 2352 Phys.
494 2314 535 2351 11,
560 2315 590 2345 9.
615 2315 677 2343 200
694 2321 713 2342 a
734 2313 787 2341 15:
817 2310 883 2342 ἔστι
917 2309 955 2341 δὲ
984 2307 1020 2341 τὸ
1052 2307 1242 2350 ἀναγκαῖον
1265 2309 1301 2342 ἓν
1322 2321 1356 2342 τε
1379 2313 1447 2346 τοῖς
1466 2309 1648 2355 μαθήμασι

232 2366 288 2396 καὶ
311 2364 349 2397 ἐν
370 2368 439 2400 τοῖς
462 2365 546 2397 κατὰ
570 2363 676 2406 φύσιν
699 2366 890 2405 γινομένοις
911 2362 1040 2405 τρόπον
1054 2361 1128 2394 τινὰ
1145 2364 1404 2405 παραπλησίως·
1428 2364 1502 2397 ἐπεὶ
1523 2364 1589 2406 γὰρ
1611 2363 1648 2396 ῐὸ

231 2415 314 2450 εὐθὺ
337 2418 415 2450 τοδί
442 2418 548 2457 ἐστιν,
579 2415 710 2458 ἀνάγκη
740 2415 776 2448 τὸ
805 2419 970 2459 τρίγωνον
1000 2414 1061 2448 δύο
1090 2412 1212 2458 ὀρθαῖς
1240 2418 1315 2452 ἴσας
1343 2416 1451 2458 ἔχειν·
1480 2416 1561 2449 ἀλλ’
1586 2415 1649 2448 οὐκ

232 2471 305 2504 ἐπεὶ
326 2472 443 2511 τοῦτο,
472 2472 598 2505 ἐκεῖνο·
630 2468 706 2502 ἀλλ’
732 2472 800 2511 εἴγε
822 2472 919 2503 τοῦτο
947 2468 994 2514 μή
1018 2470 1120 2508 ἐστιν,
1149 2466 1229 2502 οὐδὲ
1252 2469 1287 2502 τὸ
1311 2468 1396 2503 εὐθύ
1418 2470 1519 2504 ἔστιν.
1550 2469 1587 2502 ἐν
1610 2469 1648 2501 δὲ

230 2528 298 2560 τοῖς
319 2528 511 2568 γινομένοις
535 2523 631 2557 ἕνεκά
654 2534 714 2555 που
738 2522 919 2564 ἀνάπαλιν,
949 2526 979 2556 εἰ
999 2522 1036 2556 τὸ
1060 2525 1152 2558 τέλος
1175 2523 1267 2556 ἔσται
1291 2521 1310 2564 ἢ
1334 2524 1416 2563 ἔστι,
1447 2525 1504 2555 καὶ
1527 2521 1563 2554 τὸ
1588 2522 1648 2565 ἒμ-

232 2583 385 2618 προσθεν
408 2579 499 2611 ἔσται
522 2576 542 2619 ἢ
564 2579 674 2612 ἔστιν·
703 2579 733 2609 εἰ
755 2577 792 2609 δὲ
813 2576 871 2621 μή,
901 2576 1015 2620 ὥσπερ
1039 2576 1110 2609 ἐκεῖ
1128 2575 1175 2619 μὴ
1199 2574 1295 2613 ὄντος
1315 2579 1376 2610 τοῦ
1398 2573 1647 2620 συμπεράσμα-

232 2643 286 2666 τος
310 2631 325 2672 ἡ
349 2631 434 2674 ἀρχὴ
459 2632 521 2663 οὐκ
547 2633 655 2675 ἔσται,
687 2633 741 2662 καὶ
771 2631 917 2663 ἐνταῦθα
948 2630 984 2663 τὸ
1015 2633 1104 2666 τέλος
1128 2633 1181 2662 καὶ
1209 2631 1242 2663 τὸ
1268 2624 1308 2663 οὗ
1332 2632 1448 2664 ἕνεκα·
1472 2628 1557 2672 ἀρχὴ
1579 2628 1644 2673 γὰρ
