1837 3017
739 176 989 216 „15-

204 292 208 298 ·
262 279 321 321 Ut
346 286 479 321 autern
507 279 635 320 forma
662 292 746 319 rem
774 286 997 320 concretam
1020 293 1228 334 procreare
1256 279 1391 333 possit,
1420 280 1456 320 ei
1474 294 1572 335 opus

160 352 221 387 est
247 346 301 386 vi.
355 347 490 401 Atque
516 345 682 386 hominis
712 346 868 399 quidem
897 346 1019 387 menti
1045 353 1153 400 patet
1179 353 1339 402 praesto
1367 360 1452 386 esse
1480 348 1571 397 vim,

162 428 240 467 qua
271 415 450 455 notiones
484 427 579 453 suae
608 419 651 453 ut
686 426 729 452 re
758 414 948 453 exsistant
984 414 1137 464 efficiat,
1171 421 1210 454 et
1245 414 1432 468 cogitatio
1460 414 1574 468 perfi-

161 480 301 521 cienda.
327 482 414 535 ipsa
440 481 642 521 Aristoteli
672 481 729 520 vis
759 487 829 531 est,
854 495 955 535 quae
984 483 1157 534 corporis
1185 484 1398 523 motionem
1427 483 1574 522 excitet

160 561 207 587 ac
235 546 378 601 dirigat
390 549 428 598 ¹).
481 547 637 588 Pariter
665 554 797 588 antem
825 548 1059 588 naturalium
1087 563 1241 603 quoque
1277 564 1408 590 rerum
1436 551 1572 590 formis

160 615 220 654 vis
249 615 430 655 addenda
457 623 528 656 est.
571 616 634 655 Ea
651 616 755 655 enim
781 616 813 654 si
834 621 942 655 caret
968 616 1092 655 forma
1120 631 1221 669 quae
1240 618 1367 657 adhuc
1395 617 1573 670 potentia

161 687 233 731 est,
262 682 383 722 veluti
403 696 449 722 ea
468 697 568 736 quae
588 682 736 723 semine
764 683 999 732 continetur,
1036 682 1085 722 ad
1115 690 1244 723 actum
1273 684 1479 737 pervenire
1507 698 1572 724 ne-

162 749 258 802 quit,
285 763 414 802 neque
430 751 568 802 magis,
595 751 663 790 ubi
680 751 758 790 iam
777 751 953 804 perfecta
972 756 1043 800 est,
1063 757 1192 803 potest
1210 765 1330 804 opere
1353 766 1421 791 suo
1440 752 1569 804 fungi3

161 814 329 870 denique
357 816 407 856 ad
433 816 473 855 id
501 831 658 871 quoque
686 817 897 871 requiritur
921 817 992 868 vis,
1020 823 1064 857 ut
1091 818 1187 858 alias
1216 819 1275 858 sui
1303 819 1459 871 generis
1486 833 1572 872 pro—

164 889 284 923 creet.
338 883 422 923 Iam
452 898 523 937 per
550 899 592 925 se
621 885 696 925 duo
725 885 887 938 cogitari
916 891 1090 938 possunt.
1146 886 1228 925 Aut
1246 885 1349 925 enim
1377 886 1505 925 forma
1532 886 1571 925 vi

163 963 241 1004 qua
269 956 428 990 moveat
453 952 575 992 utitur
602 965 625 991 a
652 966 694 993 se
723 953 899 1004 diversa,
932 960 1000 992 aut
1032 953 1118 1006 ipsa
1146 958 1206 993 est
1232 953 1466 1006 principium
1494 967 1572 993 mo-

162 1017 290 1057 vendi.
347 1017 522 1066 Quorum
551 1021 661 1073 prius
689 1020 721 1059 si
750 1020 973 1069 statuimus,
1009 1019 1049 1059 in
1077 1019 1308 1059 dualismum
1337 1020 1571 1060 incurrimus

162 1098 293 1138 neque
321 1099 463 1125 causae
490 1086 597 1126 finali
624 1088 783 1141 plenum
811 1087 1108 1140 absolutumque
1136 1086 1342 1140 imperium
1365 1101 1572 1141 possumus

124 1206 127 1209 Α
164 1153 393 1201 concedere.
450 1153 582 1201 Quare
601 1155 728 1195 forma
753 1155 839 1209 ipsa
865 1155 915 1194 sit
942 1154 1174 1208 principium
1203 1155 1383 1194 motionis
1411 1168 1573 1194 necesse

164 1226 234 1260 est.
288 1221 429 1275 Neque
462 1221 503 1261 id
540 1221 771 1263 Aristoteles
810 1237 885 1263 non
923 1223 1069 1263 statuit.
1124 1220 1264 1275 Itaque
1300 1237 1349 1262 ex
1388 1228 1573 1276 quattuor

165 1301 263 1340 quas
292 1295 478 1341 posuerat
506 1290 632 1329 causis
659 1297 738 1330 tres
765 1290 805 1329 in
835 1304 951 1330 unam
979 1289 1198 1343 redeunt¹).
1251 1289 1299 1329 Id
1329 1289 1433 1342 quod
1467 1290 1574 1329 lucu-

162 1354 289 1394 lenter
314 1363 479 1410 apparet
512 1371 562 1397 ex
596 1358 683 1397 loco
712 1358 777 1411 qui
812 1364 871 1398 est
906 1357 955 1397 de
983 1357 1098 1397 anim.
1128 1358 1184 1407 ΙΙ,
1211 1357 1248 1396 4.
1274 1357 1353 1396 415
1372 1356 1398 1395 b
1418 1357 1572 1410 7seqq.‚

163 1421 231 1461 ubi
268 1424 501 1463 Aristoteles
542 1430 621 1464 tres
654 1424 808 1475 modos,
851 1425 993 1478 quibus
1031 1437 1150 1463 causa
1183 1430 1223 1462 et
1254 1423 1487 1477 principium
1525 1424 1575 1463 sit

163 1489 311 1542 anima,
339 1493 501 1545 profert.
556 1492 731 1533 Primum
760 1493 861 1533 enim
890 1492 1059 1532 animam
1087 1490 1265 1531 animalis
1294 1505 1378 1532 esse
1406 1506 1574 1543 causam,

161 1657 191 1688 p.
211 1651 346 1689 192sqq.
380 1650 466 1681 Hist.
489 1651 585 1681 Beitr.
609 1651 650 1689 11,
673 1661 704 1690 p.
719 1651 758 1682 35
779 1654 854 1681 -42.
890 1650 993 1681 Aliter
1014 1650 1218 1690 Struempell:
1243 1650 1359 1681 Gesch.
1384 1650 1413 1683 d.
1439 1651 1572 1682 theoret.

161 1700 284 1733 Philos.
308 1702 339 1733 d.
363 1703 417 1734 Gr.
440 1703 467 1741 1,
490 1713 520 1743 p.
538 1706 615 1733 241:
642 1703 727 1740 ,Der
749 1703 912 1734 Verfasser
933 1703 1032 1734 findet
1054 1703 1123 1734 also
1146 1703 1208 1733 den
1231 1703 1343 1733 Grund
1367 1702 1422 1733 der
1444 1703 1572 1735 Entste-

161 1753 252 1795 hung
283 1754 386 1787 dieses
407 1757 596 1788 Ausdrucks
626 1757 671 1797 (τί
691 1752 732 1796 ἦν
755 1754 852 1796 εἶναι)
880 1757 915 1787 in
945 1756 1016 1787 dem
1038 1756 1267 1787 Unterschiede
1298 1755 1353 1786 der
1380 1756 1573 1799 Bedeutung

162 1808 217 1839 des
234 1809 327 1840 Seins
350 1810 433 1841 nach
457 1811 511 1840 der
532 1814 637 1841 ersten
660 1810 726 1840 und
748 1811 831 1841 nach
854 1811 914 1841 den
938 1810 1073 1850 iibrigen
1089 1810 1295 1849 Kategorien.
1334 1809 1401 1839 Das
1418 1810 1494 1840 Sein
1517 1810 1573 1840 des

161 1861 245 1893 nach
268 1862 330 1894 den
352 1863 488 1905 iibrigen
512 1863 704 1904 Kategorien
727 1864 951 1905 Ausgesagten
973 1862 1077 1903 hfingt
1100 1862 1204 1893 davon
1227 1861 1286 1901 ab,
1316 1861 1390 1894 dass
1414 1862 1471 1895 das
1495 1863 1571 1895 Sein

162 1916 250 1947 eines
272 1916 354 1947 nach
378 1917 433 1948 der
454 1921 559 1948 ersten
581 1917 754 1958 Kategorie
775 1918 998 1958 Ausgesagten
1021 1915 1244 1956 vorhergeht.‘

255 1985 275 2025 ¹)
299 1985 347 2017 De
370 1996 421 2018 an.
444 1986 501 2025 111,
531 1988 577 2018 10.
602 1988 663 2018 433
681 1996 700 2017 a.
716 1988 771 2017 2⁷:
796 1983 848 2017 διὸ
873 1984 925 2018 ἀεὶ
949 1987 1036 2018 κινεῖ
1053 1983 1118 2027 μὲν
1140 1981 1176 2015 τὸ
1194 1980 1347 2025 ὀρεκτόν,
1372 1981 1456 2015 ἀλλὰ
1479 1980 1573 2017 τοῦτ’

161 2038 252 2071 ἐστὶν
274 2036 293 2078 ἢ
316 2037 352 2071 τὸ
377 2037 512 2081 ἀγαθὸν
527 2037 547 2079 ἢ
563 2038 599 2071 τὸ
617 2038 830 2082 φαινόμενον
853 2037 997 2080 ἀγαθόν.
1021 2036 1060 2069 οὐ
1084 2038 1154 2068 πᾶν
1177 2035 1226 2076 δέ,
1250 2035 1336 2067 ἀλλὰ
1360 2036 1396 2068 τὸ
1421 2036 1575 2080 πρακτὸν

161 2089 307 2134 ἀγαθόν.
330 2096 392 2125 433
409 2093 429 2125 b
449 2096 506 2125 10:
538 2092 620 2124 εἴδει
647 2092 713 2136 μὲν
736 2092 773 2125 ἓν
796 2090 839 2125 ἂν
861 2094 909 2132 εἴη
932 2091 968 2123 τὸ
993 2091 1110 2123 κινοῦν
1132 2088 1169 2122 τὸ
1194 2087 1380 2133 ὀρεκτικόν,
1410 2082 1430 2134 ᾗ
1453 2088 1576 2132 ὀρεκτι-

161 2144 233 2187 κόν,
260 2147 396 2190 πρῶτον
425 2146 463 2178 δὲ
491 2144 629 2179 πάντων
658 2145 694 2178 τὸ
726 2143 864 2189 ὀρεκτόν
892 2145 1002 2184 (τοῦτο
1030 2143 1097 2188 γὰρ
1128 2146 1216 2176 κινεῖ
1242 2140 1282 2175 οὗ
1305 2143 1507 2186 κινούμενον
1528 2145 1575 2185 τῷ

162 2200 326 2241 νοηθῆναι
348 2197 368 2240 ἢ
391 2200 659 2242 φαντασθῆναι).

203 2300 205 2302 .
250 2269 275 2309 ¹)
297 2268 395 2311 Phys.
418 2270 461 2307 11,
486 2272 515 2300 7.
542 2271 600 2301 198
617 2278 637 2300 ο,
652 2271 709 2299 24:
739 2267 867 2309 ἔρχεται
896 2265 934 2298 δὲ
961 2263 1002 2299 τὰ
1032 2269 1108 2308 τρία
1130 2267 1176 2302 εἰς
1198 2264 1236 2298 ἓν
1260 2267 1318 2306 (εἰς
1340 2264 1376 2298 τὸ
1401 2265 1437 2299 ἓν
1459 2265 1574 2305 Bekk„

162 2323 207 2358 εἰς
229 2323 266 2355 ἓν
288 2323 414 2354 Bonitz.
438 2322 659 2363 Sitzungsber.
676 2321 850 2352 d.kaiser1.
865 2320 1015 2353 Academ.
1040 2321 1070 2352 d.
1087 2321 1289 2354 Wissensch.
1312 2321 1574 2353 Philos.-Histor.

164 2375 268 2409 Clusa.
301 2376 451 2407 XXXIX.
468 2376 526 2408 Bd.
560 2376 602 2407 11.
620 2376 688 2409 Hft.
725 2375 838 2415 Jahrg.
871 2376 963 2408 1862.
1001 2374 1096 2407 Febr.
1126 2375 1289 2407 Aristotel.
1319 2375 1407 2408 stud.
1445 2385 1475 2415 p.
1500 2375 1573 2412 222)

161 2427 333 2465 πολλάκις·
356 2428 392 2461 τὸ
415 2429 558 2472 μὲνγὰρ
581 2431 616 2461 τί
635 2430 703 2461 ἔστι
727 2429 783 2460 καὶ
804 2426 840 2460 τὸ
865 2418 905 2458 οὗ
929 2427 1028 2460 ἕνεκα
1051 2428 1087 2461 ἓν
1103 2427 1184 2467 ἔστι,
1207 2426 1244 2460 τὸ
1261 2425 1294 2460 δ’
1315 2425 1396 2459 ὅθεν
1412 2425 1431 2466 ἡ
1449 2430 1575 2467 κίνησις

162 2484 297 2527 πρῶτον
318 2483 363 2524 τῷ
387 2482 468 2514 εἴδει
490 2481 592 2514 ταύτὸ
617 2479 756 2517 τούτοις·
780 2476 962 2522 ἅνθρωπος
982 2480 1049 2524 γὰρ
1071 2476 1260 2523 ἄνθρωπον
1274 2481 1389 2522 γεννᾷ.
1423 2481 1471 2511 De
1493 2486 1575 2521 part.

159 2547 210 2569 an.
234 2538 261 2577 1,
288 2540 315 2569 1.
339 2539 399 2569 641
418 2547 437 2568 a
454 2538 508 2569 25:
533 2537 589 2576 τῆς
610 2533 743 2580 φύσεως
765 2534 865 2576 διχῶς
879 2535 1061 2578 λεγομένης
1077 2535 1134 2567 καὶ
1156 2529 1256 2574 οὔσης
1276 2535 1331 2574 τῆς
1351 2533 1417 2578 μὲν
1433 2532 1477 2569 ὥς
1495 2531 1575 2573 ὕλης

159 2590 216 2630 τῆς
238 2588 270 2622 δ’
296 2588 340 2627 ὥς
362 2588 489 2625 οὐσίας.
513 2591 571 2628 καὶ
601 2590 691 2623 ἔστιν
713 2587 795 2629 αὕτη
818 2589 875 2621 καὶ
898 2585 941 2624 ὡς
963 2586 983 2629 ἡ
1006 2589 1147 2622 κινοῦσα
1171 2588 1227 2620 καὶ
1250 2585 1293 2624 ὥς
1314 2586 1351 2619 τὸ
1375 2589 1478 2624 τέλος.
1524 2588 1574 2621 cf.

158 2644 272 2685 Zeller,
295 2644 379 2679 Phil.
403 2644 432 2676 d.
456 2644 511 2676 Gr.
535 2644 576 2684 11,
603 2647 631 2677 2.
655 2653 683 2684 p.
700 2646 771 2674 247.
