1837 3017
748 162 998 204 -85-

171 278 301 314 autem
335 269 421 323 ipsa
454 267 622 308 aedificii
662 269 766 308 notio
802 274 841 308 et
877 269 1002 308 forma
1045 270 1217 323 corporis
1253 275 1399 309 motum
1434 271 1578 310 excitat

169 354 214 379 ac
243 336 375 389 dirigit
393 336 459 385 ita,
489 340 531 374 ut
553 334 628 387 ipsi
659 336 877 376 conveniat.
919 335 1060 388 Neque
1082 337 1195 376 aliter
1221 350 1285 376 res
1315 349 1357 376 se
1386 336 1513 386 habet,
1544 338 1575 377 si

168 405 253 459 quis
288 402 436 443 mederi
473 401 557 440 vult
590 402 734 441 homini
769 408 927 454 aegroto
940 401 980 453 ¹).
1040 404 1171 456 Atque
1205 404 1272 442 tali
1300 403 1416 443 modo
1445 410 1575 442 movet

166 471 271 510 deus.
325 468 389 508 Ab
425 468 498 507 hoc
533 474 659 508 motus
705 468 965 521 proficiscitur
1001 468 1136 508 eodem
1169 470 1284 522 plane
1319 469 1454 518 modo,
1497 484 1573 523 quo

166 536 336 590 corporis
383 535 502 575 motio
545 535 593 574 ab
634 535 877 587 intellegibili
931 541 970 574 et
1012 535 1231 587 appetibili,
1280 537 1384 590 quod
1434 543 1493 576 est
1533 538 1571 576 in

165 609 296 644 mente
309 602 352 656 ¹).

266 671 366 711 Tres
403 671 523 724 igitur
554 686 695 712 causae
730 671 769 711 in
797 685 915 710 unam
944 683 1104 722 prorsus
1134 671 1367 712 coalescunt.
1423 673 1570 713 Verum

163 745 294 778 tamen
324 744 401 777 tres
430 745 592 789 tantum,
621 745 757 778 contra
777 744 916 791 quarta
942 737 991 776 ab
1012 737 1147 776 eodem
1170 738 1360 791 principio
1381 740 1569 791 originem

162 820 239 844 non
268 805 396 855 babet,
426 821 502 859 quo
532 821 683 846 summa
712 805 865 845 exsistit
894 804 1115 843 difficultas.
1163 805 1318 844 Etenim
1348 805 1443 845 deus
1471 807 1568 846 fines

164 871 364 912 constituit
391 879 430 912 et
457 873 611 926 perficit
637 873 828 922 motione;
858 871 925 911 sed
948 878 989 911 ut
1007 872 1105 910 fines
1126 872 1357 921 efficiantur,
1387 887 1483 925 opus
1511 881 1570 912 est

162 938 337 978 materia.
391 939 494 979 Nam
524 939 688 980 materia
718 952 767 978 ex
796 938 1004 992 hypothesi
1032 938 1255 978 necessaria
1291 945 1365 989 est,
1404 954 1481 994 qua
1507 939 1569 979 vel

147 1004 276 1055 deus,
313 1012 355 1046 ut
383 1006 481 1046 fines
510 1006 700 1061 propositi
730 1021 772 1046 re
801 1005 1012 1054 exsistant,
1041 1012 1142 1058 eget.
1198 1006 1361 1045 Materia
1389 1013 1517 1046 autem
1547 1021 1570 1045 a

161 1073 318 1112 numine
355 1074 485 1113 divino
529 1074 704 1127 profecta
747 1087 823 1112 non
859 1079 929 1112 est.
986 1074 1126 1125 Itaque
1161 1087 1247 1111 cum
1285 1072 1347 1111 dei
1381 1073 1565 1125 cogitatio

160 1140 209 1178 sit
237 1141 483 1194 cogitationis
523 1140 726 1192 cogitatio,
762 1140 810 1179 ad
847 1140 1048 1179 materiam
1088 1146 1222 1192 utpote
1251 1154 1274 1178 a
1301 1154 1342 1179 se
1371 1139 1565 1180 diversam

159 1206 353 1258 pertinere
386 1208 542 1261 nequit,
584 1213 699 1260 atque
742 1207 839 1246 adeo
877 1220 925 1246 ne
962 1206 1149 1246 ad-hunc
1187 1207 1343 1259 quidem
1377 1206 1562 1247 mundum

157 1274 349 1325 sensilem,
377 1290 465 1315 cum
494 1276 526 1315 is
555 1290 643 1315 cum
670 1275 833 1315 materia
853 1275 903 1314 sit
921 1274 1161 1314 coniunctus.
1205 1274 1344 1327 Itaque
1369 1287 1419 1313 ne
1438 1275 1563 1314 omnis

156 1341 400 1380 necessitudo
428 1342 529 1381 inter
556 1342 669 1382 deum
699 1350 816 1395 atque
845 1343 947 1380 hunc
977 1340 1163 1379 mundum
1190 1340 1361 1391 tollatur,
1390 1342 1560 1380 maximo

156 1422 274 1462 opere
303 1415 362 1449 est
390 1409 614 1450 verendum.
672 1409 792 1450 Cuius
826 1408 1064 1448 difficultatis
1103 1422 1220 1447 causa
1246 1408 1284 1448 in
1315 1422 1359 1449 eo
1388 1410 1462 1449 sita
1491 1416 1559 1460 est,

156 1475 261 1529 quod
288 1477 522 1516 Aristoteles
558 1477 745 1516 materiae
782 1489 883 1529 quae
916 1475 1015 1514 ratio
1054 1490 1142 1515 cum
1176 1490 1325 1515 summo
1358 1477 1560 1517 intellectu

154 1543 430 1593 intercederet,
458 1544 614 1583 omnino
636 1559 714 1584 non
736 1543 984 1596 significavit,
1012 1542 1051 1581 id
1072 1542 1175 1596 quod
1197 1544 1313 1582 etiam
1332 1543 1370 1582 in
1391 1545 1561 1583 humano

154 1610 354 1651 intellectu
383 1610 523 1652 omisit.
571 1610 727 1651 Etenim
758 1611 841 1651 vult
869 1610 1025 1664 quidem
1056 1610 1176 1650 menti
1206 1610 1420 1664 speculanti
1449 1610 1561 1651 simul

153 1678 351 1718 obversari
380 1680 676 1733 phantasma³);
705 1679 773 1718 sed
793 1680 831 1718 in
852 1680 1123 1731 phantasmate
1151 1677 1297 1730 aliquid
1325 1679 1427 1717 inest
1455 1678 1560 1731 quod

152 1747 338 1786 materiae
364 1748 612 1801 respondeat,
640 1753 684 1787 ut
711 1760 853 1787 vocare
882 1745 1006 1799 possis
1025 1746 1225 1785 materiam
1252 1745 1558 1799 intellegibilem,

150 1810 248 1866 ὕλην
278 1812 439 1869 νοητήν,
485 1829 585 1869 quae
629 1815 743 1854 etiam
781 1815 993 1867 figurarum
1030 1814 1355 1867 geometricarum
1395 1814 1558 1853 materia

152 1889 222 1921 est.
278 1881 391 1930 Quae
419 1897 511 1922 vero
540 1884 638 1922 ratio
666 1885 787 1922 menti
817 1896 903 1922 cum
931 1882 1093 1922 materia
1121 1886 1234 1930 esset,
1262 1894 1339 1919 non
1362 1881 1556 1933 exposuit.

153 1950 284 2002 Atque
311 1963 415 1989 nova
443 1949 506 1989 hic
531 1950 643 1990 nobis
673 1949 844 1989 occurrit
872 1949 1062 2004 quaestio.
1107 1947 1149 1988 Si
1177 1948 1399 1988 intellectus
1427 1948 1560 1988 huma-

149 2030 234 2065 nus,
263 2017 329 2056 ubi
357 2018 592 2071 speculatur,
621 2032 783 2057 necesse
805 2023 864 2056 est
885 2017 957 2056 sibi
977 2016 1163 2070 depingat
1190 2017 1434 2069 phantasma,
1463 2031 1556 2055 num

150 2083 302 2123 divinus
331 2084 550 2124 intellectus
573 2099 618 2124 eo
637 2091 767 2139 potest
794 2083 955 2123 carere?
993 2083 1067 2121 Vix
1096 2083 1171 2122 hoc
1199 2084 1416 2123 concedere
1444 2083 1559 2123 aude-

150 2165 249 2200 mus,
279 2166 367 2191 cum
395 2157 545 2191 tantum
576 2152 837 2193 similitudinis
865 2150 1078 2190 intellectui
1108 2151 1279 2191 humano
1308 2166 1396 2192 cum
1425 2151 1557 2191 divino

240 2316 260 2354 ¹)
283 2317 358 2348 Met.
382 2319 417 2356 Z,
444 2322 470 2348 7.
500 2321 579 2350 1032
596 2318 616 2350 b
635 2322 691 2350 21:
716 2315 752 2349 τὸ
777 2315 817 2356 δὴ
842 2315 963 2348 ποιοῦν
986 2317 1043 2348 καὶ
1068 2314 1149 2349 ὅθεν
1172 2312 1307 2357 ἄρχεται.
1322 2313 1341 2356 ἡ
1357 2318 1483 2356 κίνησις
1500 2316 1557 2348 τοῦ

150 2365 325 2411 ὑγιαίνειν,
348 2369 383 2402 τὸ
407 2369 495 2407 εἶδός
519 2372 584 2404 ἐστι
609 2370 645 2404 τὸ
669 2370 704 2404 ἐν
724 2372 762 2414 τῇ
779 2370 880 2414 ψυχῇ.

237 2423 261 2463 ²)
284 2426 320 2456 L.
343 2425 365 2455 l.
388 2427 436 2461 Λ,
462 2428 490 2455 7.
519 2428 599 2455 1072
616 2436 635 2455 a
651 2428 707 2455 24:
731 2426 844 2455 τοίνυν
867 2423 937 2455 ἔστι
959 2436 989 2455 τι.
1006 2422 1025 2455 ὃ
1041 2423 1081 2455 οὐ
1104 2421 1304 2465 κινούμενον
1327 2426 1421 2461 κινεῖ,
1445 2421 1555 2454 ἀΐδιον

150 2477 207 2507 καὶ
237 2475 336 2509 οὐσία
365 2478 422 2508 καὶ
452 2477 601 2518 ἐνέργεια
634 2473 730 2510 οὖσα.
762 2479 848 2509 κινεῖ
878 2476 914 2509 δὲ
946 2469 1010 2510 ὦδε
1038 2477 1074 2510 τὸ
1106 2475 1252 2520 ὀρεκτόν,
1284 2478 1340 2507 καὶ
1370 2475 1404 2508 τὸ
1436 2474 1555 2515 νοητὸν

150 2533 237 2563 κινεῖ
257 2528 297 2563 οὐ
319 2528 531 2572 κινούμενον.

237 2583 260 2623 ³)
284 2585 332 2616 De
352 2585 448 2616 anim.
472 2584 530 2622 ΙΙΙ,
555 2587 583 2617 8.
608 2588 669 2618 432
687 2595 707 2618 a
723 2587 758 2616 ὃς
783 2582 865 2618 ὅταν
887 2596 920 2619 τε
945 2586 1066 2629 θεωρῇ,
1091 2581 1219 2625 ἀνάγκη
1236 2579 1306 2625 ἅμα
1322 2580 1506 2626 φάντασμά
1521 2595 1552 2615 τι

150 2639 300 2681 θεωρεῖν.
