1837 3017
826 133 1081 173 ...40-

349 237 432 278 Sed
471 238 614 278 bonum
658 237 764 292 quod
807 237 981 291 undique
1021 237 1245 278 absolutum
1281 243 1319 278 et
1353 237 1574 292 perfectum
1610 235 1664 277 sit

244 306 393 346 habere
422 307 461 345 in
491 319 533 344 se
561 304 681 344 debet
706 306 747 345 id
777 305 883 359 quod
910 305 1004 345 satis
1033 311 1106 344 est.
1154 304 1319 345 Minime
1346 317 1442 344 vero
1470 302 1664 344 sufficien-

244 373 340 413 tiam
369 372 508 411 adesse
535 378 735 425 putamus,
764 373 796 412 si
824 372 910 426 quis
939 371 1044 411 solus
1073 373 1191 411 vitam
1220 371 1434 412 solitariam
1457 377 1565 425 agat,
1592 371 1663 411 sed

247 442 336 480 cum
370 438 599 493 parentibus
639 454 686 479 ac
723 439 856 479 liberis
895 444 933 478 et
968 438 1138 492 coniuge
1178 444 1297 493 atque
1334 453 1422 479 cum
1457 438 1592 480 amicis
1627 444 1666 479 et

249 508 398 548 civibus
427 507 547 559 degat
573 519 737 547 necesse
765 506 878 558 est').
920 506 1124 564 Appetunt
1143 505 1246 546 enim
1269 505 1446 546 homines
1474 505 1666 546 sufficien-

247 575 354 625 tiam,
385 573 571 627 quoniam
599 574 689 614 finis
717 580 776 615 est
804 579 843 614 et
870 573 1060 626 optimum
1071 573 1114 627 ¹),
1148 579 1267 627 atque
1300 572 1350 613 ob
1380 588 1467 614 eam
1495 587 1666 624 causam,

248 656 336 681 cum
374 641 447 680 soli
485 654 555 693 per
593 655 635 680 se
672 641 851 681 viventes
878 654 926 680 ea
954 641 1010 681 uti
1038 646 1254 695 nequeant,
1292 639 1394 680 inter
1428 654 1471 681 se
1510 640 1668 688 coniun-¹

246 714 395 763 guntur
423 714 464 748 et
492 709 779 749 consociantur.
820 709 885 749 Ex
905 709 1087 750 omnibus
1107 724 1201 750 vero
1221 708 1473 749 societatibus
1493 708 1667 749 maxime

249 783 341 816 sunt
369 775 585 816 secundum
613 781 795 816 naturam
824 776 993 830 ideoque
1022 777 1193 817 maxime
1219 777 1259 816 in
1282 776 1473 816 bonorum
1502 788 1667 816 numero

248 843 455 885 habendae
495 842 643 883 familia
679 858 804 898 pagus
841 844 998 894 civitas,
1039 860 1205 898 quarum
1246 844 1382 885 civitas
1418 850 1478 885 est
1514 858 1667 884 summa

251 918 370 966 atque
398 911 614 965 potissima,
646 926 735 952 cum
762 912 939 967 reliquas
968 912 1254 966 complectatur
1281 926 1416 953 omnes
1444 917 1564 967 atque
1592 925 1668 951 om·

246 995 340 1037 nem
369 993 493 1033 prope
522 981 721 1020 contineat
748 980 1026 1020 sufficientiam
1040 979 1080 1032 ⁸).
1131 981 1199 1020 Sic
1226 980 1446 1020 hominibus
1475 993 1667 1019 summum

250 1048 398 1088 bonum
429 1052 488 1086 est
517 1046 654 1087 civitas
689 1047 729 1087 in
764 1061 889 1102 eaque
928 1047 1085 1088 demum
1122 1054 1285 1089 naturae
1319 1046 1600 1102 perfectionem
1630 1050 1669 1085 et

251 1114 538 1154 absolutionem
567 1120 733 1168 possunt
759 1115 933 1167 adipisci.
1168 1125 1172 1129 ’

358 1181 551 1231 Quamvis
589 1187 720 1222 autem
760 1181 927 1233 homini,
963 1189 1155 1236 quatenus
1191 1188 1252 1223 est
1278 1182 1414 1233 homo,
1452 1180 1590 1222 civitas
1619 1180 1671 1221 sit

250 1264 402 1291 summa
429 1264 475 1289 ac
503 1249 707 1303 potissima
736 1249 923 1300 societas,
956 1255 1089 1290 tamen
1126 1250 1203 1290 alia
1232 1255 1292 1290 est
1317 1250 1384 1290 illa
1411 1249 1533 1290 multo
1562 1262 1670 1302 prae-

250 1318 418 1359 stantior
445 1333 492 1358 ac
520 1317 710 1372 superior.
759 1316 938 1358 Societas
960 1319 1064 1360 enim
1092 1333 1193 1373 quae
1222 1318 1354 1359 omnia
1381 1317 1539 1358 omnino
1568 1331 1670 1371 quae

253 1391 410 1428 exstant
437 1386 714 1440 complectitur
742 1392 861 1439 atque
889 1387 1105 1439 perfectam
1126 1387 1301 1427 continet
1328 1385 1603 1426 sufficientiam
1633 1390 1671 1424 et

253 1470 448 1496 summum
478 1455 637 1504 bonum,
666 1453 765 1492 haec
793 1466 927 1493 rerum
964 1455 1199 1494 universitas
1228 1460 1300 1494 est.
1357 1452 1438 1494 Sed
1467 1452 1671 1493 audiamus

253 1523 303 1562 de
332 1537 379 1562 ea
407 1528 526 1575 atque
555 1522 604 1561 dc
631 1521 734 1560 bono
764 1520 869 1572 quod
896 1520 936 1560 in
966 1535 1013 1560 ea
1040 1521 1131 1561 insit
1158 1521 1431 1575 philosophum
1459 1520 1600 1573 ipsum.

358 1589 451 1628 Met.
481 1593 546 1639 A,
578 1588 637 1627 10.
668 1587 720 1627 in.
751 1586 984 1627 Aristoteles
1014 1588 1189 1642 quaerit,
1219 1602 1298 1642 qua
1325 1588 1476 1629 ratione
1503 1586 1672 1628 mundus

252 1657 343 1698 boni
379 1657 429 1697 sit
465 1656 676 1710 particeps.
734 1654 1175 1707 „Considerandum
1213 1659 1327 1707 est,“
1366 1656 1512 1711 inquit,
1550 1670 1670 1709 „quo

252 1724 391 1765 modo
421 1738 586 1764 rerum
615 1727 795 1763 natura
829 1722 1009 1763 habeat
1042 1723 1215 1764 bonum
1244 1730 1393 1779 atque
1421 1724 1670 1779 optimum,

252 1799 483 1832 utrumne
519 1791 591 1831 ita
626 1796 675 1830 ut
710 1790 986 1830 seiunctum
1016 1791 1134 1844 quid
1172 1791 1237 1831 sit
1265 1798 1313 1832 et
1341 1792 1473 1845 quod
1502 1797 1671 1833 exstet

345 1965 368 2004 ¹)
391 1966 429 1996 1..
451 1966 473 1997 l.
496 1966 523 2004 1,
547 1967 578 1997 5.
605 1964 684 1996 1097
701 1964 722 1995 b
740 1966 776 1995 8:
807 1961 860 1998 τὸ,
874 1961 907 1994 δ’
934 1958 1096 2005 αὔταρκες
1122 1965 1267 2007 λέγομεν
1295 1962 1357 1997 οὐκ
1387 1963 1476 2008 αὐτῷ
1504 1963 1600 2009 μόνῳ
1627 1968 1673 2008 τῷ

255 2021 349 2057 ζῶντι
373 2020 449 2059 βίον
472 2017 640 2060 μονώτην,
669 2016 755 2049 ἀλλὰ
784 2019 842 2049 καὶ
869 2018 1007 2060 γονεῦσι
1036 2018 1094 2048 καὶ
1120 2019 1248 2054 τέκνοις
1270 2020 1329 2050 καὶ
1349 2021 1487 2061 γυναικὶ
1509 2020 1567 2052 καὶ
1588 2017 1673 2056 ὅλως

253 2076 322 2109 τοῖς
346 2075 460 2115 φίλοις
483 2071 541 2103 καὶ
564 2073 726 2112 πολίταις,
749 2070 865 2112 ἐπειδὴ
888 2068 990 2114 φύσει
1014 2069 1185 2107 πολιτικὸς
1206 2067 1398 2116 ἅνθρωπος.

341 2127 365 2166 ²)
388 2127 483 2158 Polit.
508 2127 534 2165 1,
561 2128 589 2156 2.
616 2128 697 2156 1252
714 2126 735 2157 b
752 2128 808 2157 34:
832 2125 879 2158 ἔτι
902 2124 939 2157 τὸ
964 2118 1003 2158 οὗ
1027 2125 1126 2158 ἕνεκα
1150 2127 1207 2158 καὶ
1224 2124 1260 2158 τὸ
1281 2128 1373 2162 τέλος
1393 2127 1575 2167 βέλτιστον·
1599 2124 1669 2167 ἠδ’

253 2179 436 2222 αὐτάρκεια
460 2180 554 2214 τέλος
576 2180 634 2210 καὶ
656 2180 836 2218 βέλτιστον.

342 2235 367 2274 ³)
391 2235 427 2265 L.
452 2235 472 2265 l.
497 2234 523 2271 1,
551 2236 577 2264 1.
601 2234 662 2266 in.:
684 2230 819 2273 Ἐπειδὴ
841 2234 956 2267 πᾶσαν
979 2231 1080 2266 πόλιν
1103 2231 1236 2276 ὁρῶμεν
1261 2237 1443 2266 κοινωνίαν
1469 2231 1544 2266 τινὰ
1565 2228 1673 2266 οὖσαν

254 2288 311 2319 καὶ
336 2288 451 2319 πᾶσαν
474 2289 656 2319 κοινωνίαν
681 2284 817 2327 ἀγαθοῦ
838 2286 926 2323 τινὸς
948 2287 1060 2321 ἕνεκεν
1084 2289 1326 2326 συνεστηκυῖαν
1349 2287 1422 2328 (τοῦ
1435 2284 1502 2330 γὰρ
1517 2285 1603 2319 εἶναι
1619 2286 1674 2319 δο-

254 2341 395 2375 κοῦντος
417 2335 554 2382 ἀγαθοῦ
573 2338 677 2382 χάριν
702 2338 812 2371 πάντα
836 2338 1020 2382 πράττουσι
1037 2338 1182 2380 πάντες),
1206 2339 1310 2379 δῆλον
1326 2337 1370 2374 ὠς
1385 2340 1493 2372 πᾶσαι
1506 2339 1572 2384 μὲν
1588 2338 1674 2382 ἀγα-

253 2395 320 2426 θοῦ
342 2393 431 2429 τινὸς
453 2391 682 2434 στοχάζονται,
705 2391 851 2435 μάλιστα
876 2394 927 2433 δέ,
952 2396 1009 2426 καὶ
1031 2395 1090 2426 τοῦ
1113 2390 1318 2436 κυριωτάτου
1341 2390 1489 2433 πάντων,
1511 2391 1532 2434 ἦ
1554 2394 1674 2426 πασῶν

254 2445 439 2490 κυριωτάτη
468 2448 525 2478 καὶ
554 2445 666 2482 πάσας
697 2447 899 2488 περιέχουσα
924 2447 981 2484 τὰς
1005 2444 1117 2483 ἄλλας.
1148 2444 1230 2487 αὕτη
1259 2445 1292 2478 δ’
1318 2447 1408 2480 ἐστὶν
1439 2446 1458 2488 ἡ
1482 2448 1672 2491 καλουμένη

255 2500 351 2536 πόλις
373 2503 430 2532 καὶ
453 2499 471 2540 ἡ
495 2504 655 2533 κοινωνία
681 2498 845 2540 πολιτική.
881 2503 906 2541 1,
932 2506 960 2533 2.
987 2503 1066 2533 1252
1084 2502 1105 2532 b
1123 2505 1179 2532 27:
1203 2499 1222 2541 ἡ
1245 2499 1281 2532 δ’
1300 2501 1336 2532 ἐκ
1361 2498 1527 2534 πλειόνων
1549 2500 1674 2543 κωμῶν

257 2557 417 2588 κοινωνία
443 2556 565 2590 τέλειος
586 2552 692 2594 πόλις,
716 2551 735 2594 ἡ
761 2551 801 2594 δὴ
825 2552 933 2595 πάσης
956 2555 1082 2597 ἔχουσα
1105 2556 1211 2599 πέρας
1232 2555 1287 2595 τῆς
1310 2553 1510 2598 αὐταρκείας
1530 2552 1573 2590 ὥς
1595 2553 1675 2590 ἔπος

257 2610 376 2648 εἰπεῖν,
399 2611 560 2651 γινομένη
583 2609 648 2651 μὲν
673 2604 736 2641 οὖν
759 2608 819 2638 τοῦ
843 2609 899 2648 ζῆν
923 2608 1047 2650 ἕνεκεν,
1071 2605 1156 2641 οὖσα
1181 2608 1219 2640 δὲ
1241 2610 1300 2641 τοῦ
1323 2605 1360 2641 εὖ
1383 2609 1449 2648 ζῆν.
