1837 3017
786 172 1036 212 -27-

312 276 528 332 Postquam
555 291 656 332 quae
682 277 782 318 ratio
809 281 994 332 quattuor
1021 276 1147 317 causis
1165 275 1414 318 Aristoteleis
1441 275 1545 315 inter
1571 288 1614 315 se

214 344 433 386 intercedat
458 346 730 399 exposuimus,
759 346 810 386 ad
835 344 987 385 initium
1014 343 1286 397 disputationis
1313 343 1427 385 nobis
1454 342 1618 383 redeun-

210 413 303 453 dum
347 420 416 454 est.
468 414 637 454 Dixerat
677 414 912 454 Aristoteles
954 412 1251 467 unumquidque
1295 418 1439 453 natura
1479 411 1617 461 creari,

211 486 254 520 ut
281 494 398 535 opere
426 496 504 535 quo
532 482 733 535 fungatur.
786 481 879 521 Non
913 485 1042 519 autem
1079 493 1311 520 coacervare
1344 486 1487 520 natura
1514 484 1619 518 amat

211 549 426 601 compluria
453 562 573 601 opera
608 549 649 588 in
675 561 759 588 rem
786 561 922 596 unam,
956 546 1027 585 sed
1061 560 1173 586 suum
1207 548 1348 600 cuique
1382 548 1512 600 operi,
1549 545 1616 584 ubi

208 613 293 653 fleri
326 621 474 668 potest,
511 616 736 669 suppeditat
768 613 1083 653 instrumentum.
1137 613 1299 654 Minime
1336 615 1439 654 enim
1475 619 1618 654 natura

208 681 308 720 solet
334 683 464 722 facere
491 684 570 722 tale
597 683 702 735 quid,
731 681 886 734 qualem
913 680 1014 719 fabri
1040 680 1213 732 gladium
1242 682 1479 734 Delphicum
1495 681 1618 733 ¹)aut

208 747 384 788 lanceam
418 763 519 802 quae
555 749 692 790 eadem
728 748 779 788 sit
814 746 1119 802 lychnuchuffl).
1172 747 1253 788 Sed
1291 748 1340 787 ad
1382 748 1458 787 duo
1495 761 1617 801 opera

208 817 446 868 praestanda
478 823 619 857 natura
655 831 734 857 non
764 815 884 856 utitur
913 815 1050 855 eadem
1086 830 1146 865 re,
1179 815 1252 855 nisi
1287 816 1356 855 ubi
1392 816 1505 855 aliter
1531 816 1618 855 fieri

209 882 344 936 nequit
358 882 401 936 ³).
456 882 573 932 Quod
601 898 688 923 cum
716 883 770 923 ita
796 896 839 923 se
868 883 1031 933 habeat,
1070 882 1164 937 quin
1192 883 1413 936 complures
1440 897 1503 923 res
1531 896 1619 922 con-

212 950 391 990 cilientur
416 952 456 991 in
483 965 612 997 unam,
641 953 697 991 ita
722 958 765 991 ut
789 952 867 991 iam
886 951 1079 990 exsistant
1106 951 1188 990 eius
1215 958 1360 1004 partes,
1387 951 1474 990 fieri
1501 950 1621 990 omni-

210 1030 260 1055 no
297 1017 445 1071 nequit.
500 1017 569 1058 Sic
602 1018 738 1059 vident
765 1018 885 1069 oculi,
921 1016 1042 1071 pedes
1079 1023 1258 1068 currunt,
1295 1005 1460 1057 audi'unt
1492 1031 1619 1068 aures,

210 1084 278 1123 sed
306 1085 506 1125 seiunctae
533 1092 818 1139 separataeque
837 1099 907 1125 eae
926 1099 990 1124 res
1010 1091 1190 1124 constare
1208 1100 1286 1125 non
1306 1092 1483 1138 possunt.
1525 1086 1564 1125 N
1567 1099 1618 1124 on

213 1150 316 1191 enim
343 1165 415 1205 per
442 1165 485 1191 se
512 1166 582 1207 pes
611 1159 670 1193 est
696 1166 826 1207 neque
853 1166 1012 1203 manus,
1046 1151 1121 1192 nisi
1157 1151 1261 1206 quod
1291 1152 1429 1192 eodem
1456 1158 1619 1193 utuntur

209 1219 377 1259 nomine.
432 1221 572 1274 Itaque
608 1222 897 1274 coniungantur
929 1233 1092 1260 necesse
1129 1226 1188 1259 est
1220 1226 1260 1259 et
1293 1233 1376 1259 rem
1407 1221 1619 1261 conficiant

210 1299 338 1345 unam.
395 1286 511 1336 Quod
539 1288 623 1328 fieri
650 1303 730 1328 non
756 1294 898 1343 potest,
925 1288 1000 1329 nisi
1027 1302 1118 1342 pars
1146 1287 1272 1327 altera
1299 1287 1459 1328 alterius
1485 1294 1525 1328 et
1543 1288 1618 1328 sin·

209 1355 325 1407 gulae
362 1356 535 1395 omnium
569 1356 719 1396 ratione
756 1356 889 1395 habita
923 1356 1158 1396 efficiuntur.
1213 1357 1347 1409 Atque
1375 1370 1419 1395 re
1445 1370 1542 1396 vera
1570 1369 1616 1395 eo

209 1422 325 1462 modo
353 1429 492 1463 natura
519 1437 683 1477 corpora
709 1423 887 1473 instituit,
916 1423 1038 1463 veluti
1065 1423 1291 1463 animalium
1320 1422 1423 1463 oculi
1441 1428 1480 1462 et
1498 1422 1618 1475 pedes

209 1491 365 1543 utrique
393 1491 442 1529 ab
462 1491 659 1530 anteriore
678 1491 854 1543 corporis
881 1484 994 1544 parte
1015 1490 1194 1531 collocati
1221 1497 1324 1540 sunt,
1353 1505 1442 1530 cum
1469 1502 1621 1530 summa

210 1564 314 1598 esset
341 1557 614 1611 discrepantia,
643 1557 676 1598 si
703 1558 810 1598 visus
838 1573 917 1599 non
946 1558 1085 1599 eadem
1112 1573 1191 1612 qua
1217 1558 1338 1611 pedes
1367 1564 1542 1598 uteretur
1567 1556 1622 1596 di-

208 1625 395 1666 rectione.
441 1625 617 1666 Necesse
644 1625 748 1666 enim
775 1631 836 1666 est
861 1625 1093 1679 praevidere
1116 1626 1156 1667 id
1176 1640 1253 1680 quo
1280 1616 1418 1667 tendat
1444 1623 1564 1665 motio
1574 1623 1620 1676 ⁴).

209 1787 381 1831 φερόμενα
404 1788 440 1820 τὸ
465 1789 533 1830 πῦρ
556 1789 613 1820 καὶ
635 1787 693 1829 τὴν
722 1789 800 1830 γῆν;
834 1786 1126 1828 διασπασθήσεται
1155 1786 1237 1830 γάρ,
1267 1788 1297 1819 εἰ
1323 1785 1370 1830 μή
1398 1798 1429 1818 τι
1458 1787 1550 1819 ἔσται
1581 1785 1618 1819 τὸ

211 1844 381 1876 κωλῦσον·
405 1844 436 1875 εἰ
457 1840 492 1873 δ’
518 1842 624 1882 ἔσται,
646 1840 736 1874 τοῦτ’
763 1842 853 1875 ἐστὶν
874 1839 894 1883 ἡ
918 1840 1021 1884 ψυχή.

302 1898 324 1938 ¹)
347 1898 445 1929 Polit.
468 1897 494 1936 1,
520 1899 548 1927 2.
576 1899 656 1927 1252
674 1897 695 1927 b
715 1900 742 1928 1.
776 1898 936 1938 Gottling.
960 1897 1192 1928 Commentatio
1215 1896 1253 1926 de
1271 1896 1440 1927 machaera
1452 1896 1626 1937 Delphica,

210 1962 292 1994 quae
319 1955 368 1983 est
397 1951 483 1992 apud
512 1951 726 1984 Aristotelem.
764 1952 875 1993 Progr.
905 1953 1036 1984 Jenens.
1072 1961 1100 1982 a.
1128 1950 1356 1982 MDCCCLVI.
1389 1960 1420 1991 p.
1446 1952 1501 1982 10:
1526 1951 1623 1989 ,Fuit

210 2008 312 2048 igitur
339 2004 508 2037 machaera
534 2005 693 2045 Delphica
721 2007 768 2036 ita
794 2006 984 2042 fabrefacta,
1021 2009 1058 2035 ut
1095 2004 1196 2035 cultro
1229 2005 1295 2044 ipsi
1323 2005 1512 2036 adiunctum
1539 2008 1623 2035 esset

209 2060 358 2091 cochlear
389 2060 527 2090 ferreum
562 2059 616 2090 vel
653 2059 717 2090 tale
753 2059 848 2098 quid,
884 2068 964 2098 quo,
1002 2058 1195 2098 simulatque
1221 2059 1295 2098 ipsa
1323 2059 1458 2090 victima
1485 2062 1623 2089 mactata

210 2115 313 2146 cultro
336 2118 430 2152 esset,
454 2112 614 2152 extemplo
638 2112 678 2143 ad
699 2112 893 2143 culinarium
914 2112 1081 2152 negotium
1100 2113 1151 2143 uti
1173 2116 1306 2152 possent
1327 2112 1476 2153 Delphi!

301 2167 324 2207 ¹)
347 2168 397 2199 De
419 2170 498 2208 part.
522 2176 573 2197 an.
596 2165 658 2204 IV,
682 2167 712 2196 6.
738 2166 800 2196 688
815 2175 835 2196 a
852 2167 907 2197 22:
937 2163 1026 2197 ὅπου
1053 2162 1122 2206 γὰρ
1150 2164 1321 2207 ἐνδέχεται
1345 2166 1496 2207 χρῆσθαι
1523 2164 1623 2198 δυσὶν

214 2221 272 2252 ἐπὶ
295 2218 351 2252 δύ’
376 2220 459 2262 ἔργα
482 2220 540 2250 καὶ
560 2217 607 2260 μὴ
630 2216 823 2260 ἐμποδίζειν
845 2216 930 2257 πρὸς
951 2218 1077 2261 ἕτερον,
1101 2217 1204 2252 οὐδὲν
1226 2218 1246 2260 ἡ
1268 2218 1371 2262 φύσις
1392 2222 1490 2251 εἴωθε
1512 2222 1624 2252 ποιεῖν

210 2272 324 2316 ὥσπερ
347 2271 366 2314 ἡ
385 2269 587 2315 χαλκευτικὴ
615 2269 698 2314 πρὸς
726 2268 892 2303 εὐτέλειαν
919 2268 1228 2314 ὀβελισκολύχνιον.
1274 2274 1431 2316 Gottling.
1454 2274 1477 2305 1.
1500 2273 1523 2305 l.
1545 2284 1576 2314 p.
1594 2275 1622 2306 8.

297 2327 322 2366 ³)
344 2328 382 2358 In
405 2336 470 2367 qua
490 2326 650 2358 sententia
665 2336 730 2358 non
746 2327 825 2358 satis
842 2325 906 2358 sibi
922 2329 1069 2358 constare
1083 2329 1292 2360 Aristotelem
1308 2339 1383 2360 vere
1398 2328 1623 2360 animadvertit

208 2382 328 2421 Meyer.
369 2380 534 2411 Aristotel.
559 2380 690 2412 Thierk.
717 2390 748 2421 p.
765 2382 840 2419 470,
869 2380 922 2411 oui
945 2382 1121 2413 assentitur
1142 2382 1256 2414 Zeller.
1300 2383 1422 2414 Philos.
1446 2382 1477 2413 d.
1501 2377 1621 2421 Gr.‘11,

209 2439 238 2467 2.
260 2446 291 2477 p.
309 2436 382 2467 ³84.
497 2443 499 2445 ·

295 2489 320 2528 ⁴)
343 2489 392 2520 De
413 2491 493 2528 part.
517 2499 570 2519 an.
593 2489 642 2528 11,
668 2491 718 2520 10.
743 2490 804 2520 656
820 2488 841 2520 b
858 2490 915 2521 26:
944 2489 1098 2521 τέτακται
1127 2489 1166 2521 δὲ
1194 2488 1254 2522 τὸν
1282 2487 1411 2531 τρόπον
1439 2489 1557 2521 τοῦτον
1577 2487 1620 2521 τὰ

209 2540 407 2586 αἰσθητήρια
429 2542 469 2585 τῇ
491 2539 594 2584 φύσει
616 2542 735 2583 καλῶς,
758 2541 798 2575 τὰ
819 2540 883 2584 μὲν
905 2542 961 2582 τῆς
983 2540 1086 2583 ἀκοῆς
1109 2543 1165 2576 ἐπὶ
1183 2544 1288 2585 μέσης
1315 2543 1370 2583 τῆς
1393 2546 1620 2587 περιφερείας,

209 2622 217 2630 .
234 2620 241 2627 .
259 2621 267 2628 .
285 2595 328 2637 ,ἡ
351 2594 386 2628 ‹5‘
412 2591 491 2636 ὄψις
513 2598 559 2630 εἰς
580 2595 616 2627 τὸ
642 2597 837 2639 ἔμπροσθεν
860 2593 936 2636 (ὁρᾷ
959 2597 1026 2639 γὰρ
1049 2596 1126 2629 κατ’
1151 2595 1358 2638 εὐθυωρίαν,
1387 2595 1407 2637 ἡ
1431 2596 1469 2629 δὲ
1492 2600 1622 2639 κίνησις

209 2651 255 2687 εἰς
277 2651 313 2683 τὸ
337 2650 544 2695 ἔμπροσθεν,
567 2651 722 2694 προορᾶν
745 2649 783 2683 δὲ
806 2649 861 2682 δεῖ
880 2648 938 2693 ἐφ’
964 2646 984 2682 ὃ
1006 2647 1025 2691 ἡ
1047 2651 1199 2692 κίνησις).
