1837 3017
776 187 1032 227 -61-

305 291 375 332 Sic
401 305 520 347 saepe
547 297 688 333 natura
713 291 925 346 impeditur
951 297 1069 345 atque
1097 304 1159 331 res
1180 289 1496 342 maleprocreat,
1521 303 1611 329 cum

199 358 363 400 obsistat
388 359 564 401 materia.
619 357 789 413 Semper
816 358 974 413 quidem
1002 364 1143 398 natura
1178 358 1297 398 finem
1326 355 1400 395 sibi
1429 356 1612 409 proponit

199 432 318 478 atque
345 427 492 467 bonum
521 426 614 479 quid
642 426 799 475 efficere
827 425 970 476 studet,
998 426 1066 464 sed
1091 439 1208 478 saepe
1227 439 1274 465 eo
1294 423 1443 464 excidit
1461 425 1612 476 pariter

200 498 318 546 atque
333 507 398 533 ars
413 507 460 532 ea
473 506 576 546 quae
593 492 677 532 vult
690 505 983 545 nonnumquam
1003 493 1157 545 assequi
1181 506 1255 531 non
1278 492 1384 531 valet
1397 492 1437 543 ¹).
1469 490 1613 539 Quam-

200 573 318 611 quam
340 559 380 598 in
402 559 496 599 artis
518 559 703 611 operibus
727 572 845 597 causa
866 558 956 597 finis
979 558 1029 597 ad
1052 559 1230 597 effectum
1252 573 1327 597 non
1353 558 1513 597 adducti
1538 558 1614 596 sita

200 638 286 664 esse
306 632 437 679 potest
457 631 496 665 et
516 626 556 664 in
577 624 737 664 artificis
757 624 912 663 inscitia
935 631 974 663 et
997 624 1035 663 in
1059 626 1234 672 materia,
1268 631 1403 663 contra
1432 625 1471 664 in
1493 625 1612 663 rebus

200 692 443 732 naturalibus
481 706 567 733 eam
600 692 774 731 tribuere
815 705 894 730 non
927 690 1018 730 licet
1051 690 1126 730 nisi
1165 693 1364 731 materiae.
1421 692 1611 732 Videmus

199 759 320 812 igitur
339 759 541 799 Aristoteli
570 772 727 812 quoque
752 758 957 797 materiam
986 757 1118 811 aliqua
1139 771 1187 797 ex
1208 766 1319 811 parte
1348 773 1432 798 esse
1452 773 1610 798 causam

199 828 303 868 mali.
359 828 502 882 Neque
534 827 574 867 id
609 832 807 879 repugnat
838 825 885 865 iis
921 840 1022 879 quae
1056 841 1175 878 supra
1209 827 1257 866 de
1292 828 1477 867 materiae
1507 829 1610 880 apud

200 895 453 936 Aristotelem
482 893 949 948 natura'disputavimus.
1007 893 1065 932 Ibi
1095 894 1198 934 enim
1228 893 1501 947 descripsimus
1536 909 1614 934 ma-

199 962 340 1002 teriam
370 963 606 1015 primariam,
635 975 736 1015 quae
765 975 925 1015 prorsus
953 960 1158 999 indefinita
1183 967 1263 1011 est3
1293 968 1428 1000 contra
1448 975 1494 1000 ea
1512 975 1613 1014 quae

202 1036 366 1069 naturae
395 1030 573 1083 operanti
602 1028 796 1083 suppetit,
833 1029 911 1068 iam
948 1027 1195 1081 aliquatenus
1225 1027 1384 1067 definita
1411 1035 1488 1078 est,
1524 1043 1614 1068 nam

202 1102 270 1135 aut
295 1109 365 1136 aer
392 1104 453 1137 est
480 1104 548 1137 aut
574 1096 678 1150 ignis
707 1103 775 1136 aut
802 1109 907 1150 aqua
934 1101 1002 1134 aut
1029 1101 1146 1134 terra.
1201 1095 1263 1134 Ea
1291 1102 1420 1136 autem
1451 1097 1616 1136 materia

201 1164 317 1203 certis
345 1164 596 1217 qualitatibus
626 1170 665 1204 et
692 1178 763 1204 sua
792 1163 914 1203 utitur
942 1163 980 1203 vi
1007 1176 1081 1202 nec
1116 1176 1272 1216 semper
1298 1170 1462 1204 naturae
1489 1179 1616 1218 prom-

201 1235 309 1283 ptam
338 1237 377 1270 et
402 1239 580 1284 paratam
609 1231 659 1271 ad
685 1229 933 1271 formandum
964 1244 1011 1269 ac
1038 1229 1267 1282 fingendum
1295 1245 1337 1270 se
1364 1232 1543 1285 praebet.

307 1297 389 1338 Sed
414 1298 491 1339 iam
521 1298 820 1353 progrediamur
857 1297 907 1337 ad
943 1297 1140 1350 potentias
1169 1298 1474 1339 considerandas
1502 1300 1616 1339 ratio-

201 1363 322 1404 nales.
376 1365 465 1404 Hae
493 1366 651 1419 quidem
680 1366 837 1405 efficere
865 1371 1030 1417 possunt
1058 1365 1266 1404 contraria.
1309 1366 1413 1406 Nam
1440 1368 1615 1419 pendent

202 1443 224 1469 e
252 1430 436 1481 scientia,
470 1447 572 1485 quae
607 1433 890 1472 contrariorum
927 1437 987 1470 est
1021 1431 1213 1483 eadem').
1267 1432 1347 1471 Per
1383 1447 1426 1471 se
1455 1434 1612 1486 quidem

200 1503 353 1551 spectat
386 1498 435 1538 ad
471 1499 635 1539 formam
672 1505 792 1552 atque
828 1497 1051 1546 notionem,
1097 1503 1233 1537 contra
1266 1498 1316 1538 ad
1356 1499 1614 1551 privationem

201 1565 352 1605 formae
379 1567 600 1619 oppositam
630 1581 702 1620 per
731 1565 932 1612 accidens,
969 1565 1061 1618 quia
1098 1579 1175 1604 una
1205 1580 1293 1605 cum
1321 1567 1490 1607 notionis
1517 1568 1618 1607 affir-

201 1632 374 1672 matione
402 1634 575 1673 continet
592 1635 858 1687 negationem.
908 1632 1026 1672 Notio
1047 1638 1178 1671 autem
1206 1634 1322 1672 estin
1343 1634 1485 1684 anima,
1514 1649 1615 1688 quae

201 1700 325 1740 utitur
357 1699 550 1754 principio
584 1701 784 1751 motionis,
820 1699 1003 1753 quocirca
1040 1699 1170 1739 anima
1206 1700 1256 1738 ab
1291 1701 1427 1741 eadem
1456 1703 1615 1742 notione

200 1849 327 1884 τούτων
349 1851 388 1883 δὲ
411 1849 528 1884 οὐθενὶ
550 1849 770 1895 προσόμοιος,
798 1849 854 1884 ὁτὲ
883 1851 921 1884 δὲ·
944 1850 1066 1894 προϊὸν
1089 1848 1192 1886 οὕτως
1214 1853 1305 1887 τέλος
1329 1851 1408 1884 οὐδὲ
1433 1848 1616 1895 ἅνθρωπος

204 1902 290 1937 ἀλλὰ
315 1903 399 1947 ζῷόν
421 1917 450 1937 τι
473 1904 585 1949 μόνον
607 1908 765 1949 φαίνεται
787 1905 824 1938 τὸ
848 1904 1064 1949 γιγνόμενον,
1087 1903 1108 1936 ἅ
1124 1903 1165 1945 δὴ
1179 1908 1235 1936 καὶ
1253 1907 1384 1948 λέγεται
1404 1909 1534 1948 τέρατα.
1559 1908 1616 1938 καὶ

199 1957 267 2001 γὰρ
291 1957 454 2002 ἐχόμενον
483 1959 549 1991 τῶν
571 1960 758 2002 εἰρημένων
781 1958 871 1991 ἐστὶν
900 1962 1007 1991 εῖπεῖν
1037 1960 1111 2001 περὶ
1141 1959 1205 1991 τῶν
1229 1959 1389 1992 τοιούτων
1417 1959 1475 1996 τὰς
1498 1963 1615 1996 αἰτίας.

201 2014 294 2048 τέλος
314 2011 380 2056 γὰρ
403 2013 469 2045 τῶν
489 2012 556 2056 μὲν
579 2010 742 2053 κινήσεων
764 2014 951 2057 λυομένων,
974 2013 1028 2052 τῆς
1051 2010 1084 2043 δ’
1111 2009 1187 2052 ὕλης
1204 2010 1242 2043 οὐ
1262 2017 1500 2058 κρατουμένης,
1522 2017 1617 2058 μένει

200 2064 237 2098 τὸ
262 2063 413 2097 καθόλου
434 2065 593 2109 μάλιστα·
616 2067 713 2099 τοῦτο
737 2065 770 2097 δ’
797 2066 866 2098 ἐστὶ
887 2066 923 2098 τὸ
948 2067 1041 2107 ζῷον.
1086 2068 1140 2105 IV,
1166 2071 1196 2098 4.
1222 2071 1284 2098 770
1301 2068 1322 2098 b
1341 2071 1396 2100 15:
1421 2067 1476 2099 διὰ
1499 2068 1536 2100 τὸ
1559 2070 1616 2099 καὶ

200 2118 237 2150 τὸ
262 2118 355 2160 παρὰ
378 2117 484 2162 φύσιν
506 2119 589 2151 εἶναι
613 2117 741 2160 τρόπον
762 2118 836 2151 τινὰ
859 2118 943 2151 κατὰ
967 2117 1083 2160 φύσιν,
1107 2118 1189 2150 ὅταν
1210 2119 1257 2162 μὴ
1281 2119 1427 2164 κρατήσῃ
1452 2121 1510 2161 τὴν
1532 2122 1615 2152 κατὰ

201 2170 260 2211 τὴν
283 2169 365 2212 ὕλην
386 2170 405 2212 ἡ
429 2170 513 2204 κατὰ
536 2171 572 2204 τὸ
597 2171 686 2207 εἶδος
708 2170 819 2213 φύσις.
1510 2180 1516 2185 ·

294 2225 317 2265 “)
340 2225 442 2266 Phys.
462 2226 505 2264 ΙΙ,
529 2227 557 2255 8.
584 2227 643 2256 199
660 2235 679 2255 a
695 2227 751 2256 33:
775 2221 923 2268 ἁμαρτία
946 2223 983 2255 δὲ
1007 2225 1158 2266 γίγνεται
1176 2227 1232 2257 καὶ
1249 2226 1285 2258 ἐν
1301 2229 1368 2262 τοῖς
1385 2227 1469 2259 κατὰ
1485 2229 1614 2269 τέχνην·

201 2276 329 2321 ἔγραψε
351 2276 418 2321 γὰρ
441 2276 503 2310 οὐκ
525 2276 638 2319 ὀρθῶς
660 2276 678 2311 ὀ
702 2275 954 2322 γραμματικός,
983 2280 1040 2310 καὶ
1065 2277 1219 2313 ἐπότισεν
1243 2278 1304 2312 οὐκ
1328 2279 1439 2324 ὀρθῶς
1462 2279 1479 2314 ὁ
1505 2282 1616 2325 ἰατρὸς

200 2330 238 2363 τό
267 2329 468 2374 φάρμακον
500 2329 583 2364 ὥστε
613 2332 716 2373 δῆλον
745 2331 793 2365 ὅτι
825 2332 993 2373 ἐνδέχεται
1025 2334 1083 2364 καὶ
1112 2333 1147 2365 ἓν
1169 2336 1238 2369 τοῖς
1267 2334 1352 2366 κατὰ
1376 2333 1490 2376 φύσιν.
1522 2338 1552 2368 εἰ
1573 2335 1615 2375 δὴ

201 2384 292 2417 ἔστιν
315 2384 388 2418 ἔνια
412 2384 496 2417 κατὰ
518 2387 637 2427 τέχνην
661 2385 697 2419 ἐν
720 2382 770 2422 οἷς
790 2385 826 2418 τὸ
850 2384 961 2429 ὀρθῶς
982 2384 1080 2419 ἕνεκά
1103 2397 1173 2426 του,
1204 2386 1241 2419 ἐν
1272 2387 1310 2420 δὲ
1332 2391 1401 2424 τοῖς
1422 2387 1614 2432 ἁμαρτανο-

199 2441 316 2483 μένοις
336 2438 434 2472 ἕνεκα
454 2442 520 2483 μέν
547 2452 637 2477 τινος
664 2440 876 2483 ἐπιχειρεῖται
892 2438 983 2472 ἀλλ’
1009 2440 1296 2484 ἀποτυγχάνεται,
1329 2441 1454 2486 ὁμοίως
1477 2440 1520 2476 ἂν
1542 2444 1614 2485 ἔχοι

203 2495 260 2525 καὶ
282 2493 319 2525 ἐν
340 2495 410 2528 τοῖς
431 2497 601 2535 φυσικοῖς,
625 2497 683 2526 καὶ
704 2493 743 2526 τὰ
766 2495 885 2536 τέρατα
908 2492 1133 2538 ἁμαρτήματα
1158 2495 1287 2527 ἐκείνου
1310 2498 1368 2528 τοῦ
1392 2495 1490 2528 ἕνεκά
1512 2508 1583 2528 του.

289 2546 315 2588 ’)
338 2547 413 2579 Met.
437 2548 478 2588 K,
503 2549 533 2580 3.
562 2550 637 2582 1061
658 2560 677 2581 a
697 2551 749 2581 18:
773 2547 845 2581 ἐπεὶ
862 2546 899 2581 δ’
918 2547 987 2581 ἐστὶ
1010 2547 1049 2582 τὰ
1067 2548 1201 2582 ἐναντία
1226 2547 1334 2582 πάντα
1359 2551 1415 2591 τῆς
1437 2548 1536 2592 αὐτῆς
1557 2554 1615 2584 καὶ

198 2603 279 2644 μιᾶς
305 2601 485 2644 ἐπιστήμης
516 2603 692 2644 θεωρῆσαι.
738 2605 774 2641 Γ,
804 2606 833 2633 2,
866 2606 948 2634 1004
964 2606 1029 2635 αθ.
1074 2606 1135 2636 Αιι.
1158 2615 1203 2644 pr.
1227 2605 1260 2641 1,
1291 2607 1341 2635 36.
1367 2609 1406 2636 48
1423 2606 1444 2635 b
1461 2610 1489 2636 4.
1538 2608 1612 2640 leth.

201 2657 269 2689 Nic.
294 2657 333 2695 v,
361 2660 386 2687 1.
416 2659 596 2687 11291213.
