1837 3017
832 152 1090 192 -48-

251 256 407 307 morcio,
437 261 481 297 ut
508 255 767 297 communiter
794 269 836 296 se
864 255 1077 297 defendant
1105 256 1155 296 ab
1185 261 1411 298 exterorum
1438 257 1663 313 impetibus,

249 331 292 364 ut
318 325 428 377 leges
457 323 692 363 constitutae
720 325 809 374 sint,
839 337 939 377 quae
968 323 1178 377 quominus
1205 323 1306 363 alter
1325 325 1374 364 ab
1394 324 1666 365 alterolaeda·

249 397 313 432 tur
347 391 583 446 prohibeant
596 389 638 443 ι).
696 389 809 439 Quae
843 390 976 430 omnia
1015 391 1056 430 in
1098 390 1344 431 necessitatis
1384 391 1663 446 hypotheticae

250 460 337 499 loco
371 465 461 499 sunt
499 458 693 499 habenda.
749 458 932 514 Deniqne
969 463 1008 498 et
1043 457 1173 498 domui
1208 463 1248 498 et
1282 445 1430 499 civitati
1466 473 1563 514 opus
1605 464 1665 499 est

250 527 385 578 servis,
414 527 498 567 sine
527 528 672 582 quibus
701 541 787 568 esse
814 541 891 566 non
920 525 1142 580 possunt²).
1197 525 1339 580 Itaque
1374 540 1463 567 cum
1498 533 1665 582 utraque

251 595 417 634 societas
432 609 593 649 prorsus
608 595 658 635 sit
676 595 890 636 secundum
905 600 1099 644 naturam,
1114 593 1211 633 haec
1225 608 1387 634 necesse
1407 601 1468 635 est
1486 601 1667 649 procreet

250 662 427 702 homines
456 663 572 703 etiam
603 677 682 715 eos,
713 663 779 717 qni
808 662 893 702 aliis
920 661 1094 702 serviant
1122 667 1161 701 et
1188 661 1265 702 sint
1293 661 1470 702 ministri.
1525 663 1665 717 Itaque

248 736 352 780 sunt,
381 731 447 783 qui
476 737 618 770 natura
646 731 724 770 sint
752 731 854 770 servi
867 729 910 781 ³).

354 796 435 838 Sed
464 803 707 839 revertamur
734 797 784 838 ad
813 796 1135 851 contemplandas
1170 810 1234 837 res
1262 797 1452 851 singulas.
1509 799 1555 838 In
1585 813 1666 839 eor-

249 866 413 919 poribus
442 865 664 905 animalium
694 866 836 919 cuique
865 864 968 918 parti
995 865 1105 904 locus
1135 871 1194 905 est
1222 866 1498 906 concedendus
1525 867 1569 916 is,
1599 867 1667 920 qui

250 939 414 974 naturae
453 933 623 974 maxime
659 933 879 974 conveniat.
933 931 1093 973 Etenim
1136 933 1311 986 corporis
1354 940 1486 987 partes
1528 934 1667 974 instru-

340 1076 362 1116 ²)
385 1077 422 1107 L.
446 1076 467 1106 l.
491 1076 550 1114 111,
575 1078 605 1108 9.
632 1078 711 1107 1280
728 1075 749 1106 b
767 1077 825 1106 29:
856 1072 1009 1117 φανερὸν
1039 1075 1154 1106 τοίνυν
1184 1071 1235 1106 ὅτι
1256 1073 1276 1115 ἡ
1299 1072 1397 1111 πόλις
1425 1073 1486 1106 οὐκ
1509 1075 1577 1107 ἔστι
1602 1086 1669 1107 noa-

248 1130 354 1161 νωνία
377 1126 483 1160 τόπου
508 1129 645 1160 καὶτοῦ
667 1126 713 1171 μὴ
737 1126 868 1160 ἀδικεῖν
892 1127 983 1169 σφᾶς
1005 1124 1126 1162 αὐτοὺς
1157 1128 1215 1159 καὶ
1242 1129 1298 1169 τῆς
1319 1125 1531 1172 μεταδόσεως
1555 1126 1667 1173 χάριν·

248 1181 333 1214 ἀλλὰ
355 1183 458 1215 ταῦτα
480 1182 546 1225 μὲν
561 1178 754 1224 ἀναγκαῖον
771 1179 946 1224 ὑπάρχειν,
968 1183 1060 1223 εἴπερ
1077 1181 1169 1213 ἔσται
1187 1180 1296 1222 πόλις,
1319 1180 1360 1214 οὐ
1377 1181 1446 1226 μὴν
1462 1180 1540 1214 οὐδ’
1559 1179 1669 1224 ὑπαρ-

245 1234 379 1278 χόντων
401 1233 529 1269 τούτων
552 1233 714 1269 ἁπάντων
735 1232 799 1277 ἤδη
823 1233 940 1275 πόλις,
970 1231 1042 1266 ἀλλ’
1067 1232 1087 1275 ἠ
1110 1236 1170 1267 τοῦ
1195 1231 1232 1268 εὖ
1256 1236 1312 1276 ζῆν
1334 1237 1494 1270 κοινωνία
1518 1238 1576 1268 καὶ
1596 1239 1669 1272 ταῖς

250 1292 372 1326 οἰκίαις
393 1291 451 1321 καὶ
473 1293 543 1325 τοῖς
563 1291 688 1353 γένεσι,
712 1290 793 1330 ζωῆς
807 1290 933 1324 τελείας
942 1286 1047 1330 χάριν
1063 1290 1120 1320 καὶ
1129 1286 1340 1346 αὐτάρκους.
1365 1288 1428 1323 οὐκ
1443 1290 1535 1323 ἔσται
1550 1291 1668 1333 μέντοι

246 1345 344 1377 τοῦτο
370 1343 417 1388 μὴ
445 1342 505 1377 τὸν
533 1341 636 1376 αὐτὸν
659 1344 717 1376 καὶ
744 1343 804 1377 ἕνα
834 1339 1083 1375 κατοικούντων
1111 1328 1220 1376 τόπον
1248 1345 1306 1376 καὶ
1330 1345 1519 1388 χρωμένων
1548 1343 1669 1386 ἐπιγα-

245 1401 348 1440 μίαις.
380 1397 433 1430 διὸ
465 1397 598 1438 κηδεῖαί
622 1394 652 1430 τ’
680 1397 836 1440 ἐγένοντο
865 1395 950 1428 κατὰ
978 1395 1036 1432 τὰς
1067 1394 1181 1433 πόλεις
1203 1398 1262 1429 καὶ
1284 1400 1447 1441 φρατρίαι
1470 1398 1528 1429 καὶ
1550 1399 1669 1429 θυσίαι

248 1453 305 1483 καὶ
328 1450 498 1494 διαγωγαὶ
526 1452 586 1483 τοῦ
617 1452 728 1491 συζῆν.
760 1449 797 1482 τὸ
829 1450 868 1482 δὲ
897 1451 1051 1483 τοιοῦτον
1082 1452 1197 1493 φιλίας
1219 1450 1330 1494 ἔργον·
1354 1449 1374 1492 ἡ
1396 1450 1463 1494 γὰρ
1485 1451 1546 1484 τοῦ
1569 1452 1670 1492 συζῆν

248 1506 445 1546 προαίρεσις
467 1505 577 1546 φιλία.
608 1505 701 1539 τέλος
729 1503 796 1546 μὲν
824 1499 886 1535 οὖν
912 1501 1041 1538 πόλεως
1069 1501 1106 1535 τὸ
1131 1499 1167 1535 εὖ
1192 1504 1258 1544 ζῆν,
1287 1504 1392 1535 ταῦτα
1414 1503 1454 1536 δὲ
1475 1505 1534 1537 τοῦ
1555 1506 1669 1541 τέλους

243 1555 358 1600 χάριν.
383 1555 479 1594 πόλις
503 1557 541 1590 δὲ
563 1555 583 1598 ἡ
607 1558 716 1600 γενῶν
739 1558 795 1589 καὶ
818 1557 943 1599 κωμῶν
965 1559 1125 1590 κοινωνία
1149 1558 1231 1598 ζωῆς
1251 1558 1376 1593 τελείας
1396 1559 1453 1589 καὶ
1470 1556 1666 1603 αὐτάρκους,

248 1612 346 1644 τοῦτο
369 1610 405 1643 δ’
430 1611 532 1652 ἐστίν,
556 1609 601 1647 ὠς
620 1612 751 1656 φαμέν,
770 1609 806 1643 τὸ
832 1611 890 1651 ζῆν
913 1607 1125 1654 εὐδαιμόνως
1147 1611 1204 1643 καὶ
1227 1611 1346 1647 καλῶς.

338 1667 361 1706 ²)
386 1667 421 1698 L.
446 1667 468 1698 l.
491 1667 517 1707 1,
543 1671 571 1699 4.
596 1669 659 1699 in.:
680 1665 774 1698 Ἐπεὶ
798 1661 860 1698 οὖν
882 1662 901 1706 ἡ
926 1661 1036 1706 κτῆσις
1057 1666 1162 1708 μέρος
1182 1665 1238 1707 τῆς
1260 1666 1369 1701 οἰκίας
1391 1665 1461 1698 ἐστὶ
1483 1667 1542 1699 καὶ
1557 1665 1576 1708 ἡ
1594 1679 1667 1708 κτη-

246 1720 320 1761 τικὴ
341 1722 445 1764 μέρος
467 1721 521 1760 τῆς
545 1722 744 1763 οἷκονομίας
765 1716 862 1761 (ἄνευ
885 1718 952 1762 γὰρ
974 1719 1040 1751 τῶν
1063 1717 1260 1761 ἀναγκαίων
1277 1715 1450 1753 άδύνατον
1466 1722 1595 1762 καὶζῆν
1610 1723 1669 1753 καὶ

247 1770 283 1806 εὖ
307 1775 389 1815 ζῆν),
413 1772 527 1816 ὥσπερ
551 1773 590 1805 δὲ
612 1773 649 1806 ἐν
670 1776 742 1809 ταῖς
764 1771 968 1816 ὡρισμέναις
996 1773 1127 1814 τέχναις
1149 1771 1342 1815 ἀναγκαῖον
1365 1771 1408 1806 ἄν
1430 1775 1479 1814 εἴη
1501 1770 1667 1818 ὑπάρχειν

246 1827 286 1859 τὰ
317 1829 424 1859 οἰκεῖα
455 1823 598 1869 ὄργανα,
628 1828 658 1859 εἰ
686 1828 799 1870 μέλλει
829 1823 1162 1865 ἀποτελεσθήσεσθαι
1190 1825 1226 1858 τὸ
1257 1826 1369 1868 ἔργον,
1401 1824 1486 1859 οὕτω
1514 1829 1571 1859 καὶ
1598 1828 1666 1860 τῶν

248 1881 487 1922 οἰκονομικῶν.
511 1881 577 1912 τῶν
601 1879 634 1910 δ’
661 1877 819 1921 ὀργάνων
841 1877 881 1910 τὰ
903 1879 969 1921 μὲν
992 1875 1111 1919 ἄψυχα
1133 1875 1173 1910 τὰ
1197 1877 1233 1910 δ’
1258 1879 1415 1921 ἔμψυχα,
1443 1876 1517 1921 οἷον
1538 1882 1584 1921 τῷ
1607 1892 1667 1912 κυ-

246 1931 385 1976 βερνήτῃ
409 1931 426 1964 ὁ
450 1933 515 1975 μὲν
539 1934 614 1968 οἴαξ
644 1928 782 1973 ἄψυχον
805 1929 822 1963 ὁ
848 1931 885 1963 δὲ
914 1930 1065 1974 πρῳρεὺς
1092 1931 1265 1975 ἔμψυχον·
1294 1929 1312 1963 ὁ
1340 1931 1406 1974 γὰρ
1436 1930 1599 1977 ὑπηρέτης
1629 1933 1666 1967 ἐν

247 1984 398 2028 ὀργάνου
422 1986 503 2018 εἴδει
525 1989 596 2021 ταῖς
617 1987 748 2027 τέχναις
771 1984 872 2017 ἐστίν.
906 1983 992 2016 οὕτω
1021 1985 1078 2016 καὶ
1108 1983 1144 2016 τὸ
1169 1985 1277 2028 κτῆμα
1301 1981 1451 2028 ὄργανον
1473 1985 1560 2028 πρὸς
1581 1984 1666 2028 ζωήν

248 2040 328 2079 ἔστι,
351 2041 409 2072 καὶ
431 2037 451 2080 ἡ
476 2040 588 2080 κτῆσις
610 2040 740 2079 πλῆθος
763 2037 920 2081 ὁργάνων
943 2038 1023 2077 ἔστί,
1047 2040 1105 2070 καὶ
1127 2036 1144 2070 ὁ
1171 2038 1292 2074 δοῦλος
1313 2038 1422 2083 κτῆμά
1444 2052 1474 2072 τι
1497 2040 1666 2084 ἔμψυχον,

246 2095 305 2125 καὶ
328 2091 443 2136 ῶσπερ
467 2089 618 2135 ὄργανον
640 2091 706 2135 πρὸ
730 2090 896 2134 ὀργάνων,
920 2092 986 2128 πᾶς
1002 2090 1019 2124 ὁ
1038 2089 1211 2134 ὑπηρέτης.
1235 2093 1265 2124 εἴ
1278 2091 1346 2137 γὰρ
1361 2091 1508 2134 ἠδύνατο
1524 2093 1667 2127 ἕκαστον

245 2148 312 2180 τῶν
340 2145 500 2190 ὀργάνων
530 2147 713 2180 κελευσθὲν
738 2144 757 2187 ἢ
781 2144 1105 2191 προαισθανόμενον
1140 2144 1317 2180 ἀποτελεῖν
1349 2146 1386 2179 τὸ
1415 2146 1519 2180 αὑτοῦ
1551 2147 1665 2190 ἔργον,

245 2200 359 2243 ὥσπερ
382 2200 423 2233 τὰ
448 2198 626 2233 Δαιδάλου
651 2202 759 2243 φασὶν
781 2198 800 2240 ἢ
821 2200 897 2235 τοὺς
925 2200 985 2232 τοῦ
1004 2198 1197 2242 ιΗφαῖστου
1218 2200 1399 2243 τρίποδας,
1432 2198 1489 2236 οὓς
1518 2210 1624 2243 φησιν
1646 2198 1664 2232 ὁ

245 2253 382 2295 ποιητὴς
411 2252 623 2297 αὐτομάτους
651 2255 747 2285 θεῖον
777 2250 919 2284 δύεσθαι
950 2250 1086 2295 ἀγῶνα,
1123 2250 1227 2288 οὕτως
1254 2254 1292 2285 αἱ
1319 2253 1468 2298 κερκίδες
1495 2254 1665 2297 ἐκέρκιζον

244 2305 344 2339 αὑταὶ
372 2309 430 2339 καὶ
456 2306 496 2339 τὰ
527 2309 680 2350 πλῆκτρα
711 2304 908 2350 ἐκιθάριζεν,
937 2304 1038 2339 οὐδὲν
1068 2303 1111 2339 ἂν
1139 2306 1207 2339 ἔδει
1236 2302 1312 2339 οὕτε
1337 2310 1407 2343 τοῖς
1434 2306 1664 2350 ἀρχιτέκτοσιν

244 2359 419 2401 ὑπηρετῶν
441 2357 518 2393 οὔτε
539 2363 610 2395 τοῖς
631 2357 813 2395 δεσπόταις
835 2358 977 2393 δούλων.

334 2414 357 2455 ³)
380 2415 463 2446 Vide
486 2424 568 2455 quae
590 2424 690 2455 supra
712 2414 750 2445 de
772 2413 834 2445 hac
853 2424 887 2445 re
909 2414 1074 2456 disputata
1096 2417 1182 2445 sunt.
1220 2413 1368 2445 Ceterum
1393 2415 1462 2446 noli
1483 2415 1568 2447 hane
1591 2423 1662 2444 sen-

245 2471 377 2501 tentiam
408 2469 494 2509 apud
523 2468 730 2499 Aristotelem
757 2468 876 2499 mirari.
920 2469 1002 2499 Nam
1031 2477 1106 2499 eum
1136 2476 1239 2507 neque
1267 2468 1384 2500 civitas
1413 2479 1518 2509 neque
1548 2468 1662 2498 domus

245 2522 438 2563 philosopho
462 2521 626 2553 videretur
648 2531 755 2553 carere
777 2531 871 2562 posse
901 2523 1015 2561 servis,
1047 2525 1168 2553 certum
1191 2521 1350 2561 quoddam
1373 2522 1538 2554 hominum
1559 2529 1663 2560 genus

245 2579 282 2606 ut
304 2577 501 2607 existimaret
524 2576 564 2607 ad
586 2577 755 2607 servitium
779 2575 973 2606 destinatum
996 2585 1066 2605 esse
1089 2585 1109 2605 a
1129 2578 1245 2606 natura
1266 2577 1349 2616 ipsa,
1381 2586 1422 2606 ex
1451 2576 1493 2605 iis
1520 2582 1603 2612 quae
1625 2572 1664 2603 de

247 2628 373 2660 illarum
396 2631 673 2661 consociationurn
699 2628 805 2659 indole
828 2628 987 2659 sentiebat
1009 2629 1189 2660 necessario
1211 2629 1475 2670 consequebatur.
