1837 3017
820 179 1077 218 -60-

237 281 377 321 eadem
404 282 540 334 frigus,
571 289 707 322 contra
734 283 945 323 rationales
973 284 1173 336 potentiae
1201 283 1360 323 efficere
1385 289 1553 336 possunt
1568 296 1654 322 con-

237 349 360 388 traria
373 349 414 408 ¹).
467 349 547 390 Ubi
585 355 716 390 autem
760 350 936 405 potentia
977 350 1213 390 irrationalis
1247 350 1377 391 activa
1412 355 1452 390 et
1484 349 1654 404 passiva,

239 423 433 468 quatenus
473 422 564 456 sunt
604 419 823 470 potentiae,
863 418 964 457 inter
999 430 1041 455 se
1075 417 1359 471 propinquant,
1399 430 1562 458 necesse
1597 421 1657 457 est

240 483 366 522 altera
394 489 589 536 operetur,
618 484 791 536 patiatur
818 472 993 536 altera’j.
1038 483 1120 525 Sed
1146 483 1231 523 fieri
1259 489 1401 537 potest,
1430 489 1475 524 ut
1492 483 1657 523 effeetus

240 550 440 602 potentiae
476 551 628 590 activae
662 551 789 591 aliena
825 565 941 591 causa
975 551 1136 591 tollatur
1163 558 1229 590 aut
1257 555 1362 590 certe
1389 550 1654 590 imminuatur.

239 615 372 654 Veluti
400 616 492 655 luna
521 618 646 657 lucem
675 617 820 668 fundit,
855 624 1027 657 attamen
1062 617 1157 656 luna
1186 615 1335 664 deficit,
1372 631 1460 655 cum
1487 621 1596 655 terra.
1622 615 1657 654 ei

239 682 417 722 obstruat
428 682 471 735 ⁸).
527 684 682 723 Pariter
709 685 943 739 suppetebat
970 684 1072 724 iusta
1099 683 1273 736 corporis
1302 682 1512 737 temperies
1540 688 1658 736 atque

238 763 311 802 per
338 763 423 790 eam
455 751 559 790 bona
587 751 783 802 valetudo,
818 751 886 791 sed
915 752 1074 791 turbata
1102 758 1162 790 est
1189 756 1466 803 tempestatum
1493 749 1658 800 iniuriis,

238 817 294 857 ita
313 823 358 858 ut
376 825 608 859 nasceretur
628 819 798 863 morbus.
838 819 1018 873 Apparet
1036 819 1157 871 igitur
1175 819 1435 874 privationem
1456 817 1658 868 exsistere,

240 885 466 938 ubicunque
501 886 711 925 efficientia
746 887 945 939 potentiae
980 886 1135 926 activae
1171 885 1299 926 aliens
1335 885 1372 924 vi
1407 884 1660 939 perturbetur

243 958 310 991 aut
344 953 513 992 tollatur.
569 952 650 992 Sed
685 953 760 992 hoc
788 967 945 1008 quoque
978 953 1159 993 accidere
1192 958 1342 1007 potest,
1381 959 1424 992 ut
1458 950 1658 1004 potentiae

241 1018 393 1058 activae
420 1020 578 1059 resistat
605 1020 643 1059 id
673 1020 721 1059 ad
753 1020 857 1073 quod
887 1019 988 1060 actio
1008 1026 1174 1074 spectat.
1222 1019 1291 1060 Sic
1308 1019 1347 1060 in
1368 1019 1486 1059 rebus
1505 1024 1659 1059 natura·

240 1085 354 1135 libus,
393 1087 601 1139 quominus
630 1088 757 1127 forma
785 1089 901 1141 plene
930 1094 968 1127 et
997 1088 1175 1127 absolute
1203 1086 1410 1135 efficiatur,
1445 1099 1565 1140 saepe
1591 1085 1658 1126 im-

242 1152 351 1204 pedit
379 1155 553 1194 materia.
611 1155 769 1194 Etenim
808 1170 895 1195 cum
925 1156 1055 1195 forma
1082 1156 1164 1195 sive
1199 1153 1305 1204 finis,
1338 1161 1382 1193 ut
1409 1167 1452 1193 re
1480 1153 1657 1203 exsistat,

242 1226 357 1271 egeat
385 1222 550 1260 materia
578 1229 697 1275 atque
728 1223 826 1261 haec
855 1236 925 1261 sua
953 1223 1074 1275 ipsius
1103 1229 1244 1261 natura
1270 1227 1416 1270 utatur,
1445 1219 1589 1268 evenit,
1617 1226 1661 1259 ut

245 1288 374 1326 forma
403 1295 470 1328 aut
498 1303 658 1343 prorsus
696 1304 774 1329 non
804 1289 1029 1343 perficiatur
1056 1295 1125 1329 aut
1158 1288 1275 1328 male.
1331 1286 1448 1336 Quod
1475 1287 1537 1338 fit,
1572 1301 1660 1327 cum

241 1355 281 1394 id
309 1355 414 1408 quod
443 1363 629 1410 operatur
663 1358 776 1396 simul
813 1357 985 1410 patiatur
1017 1357 1066 1396 ab
1095 1370 1142 1396 eo
1171 1356 1276 1409 quod
1318 1362 1376 1395 est
1404 1354 1569 1395 aetionis
1596 1355 1661 1394 ob-

240 1422 385 1462 iectum
398 1423 443 1474 ⁴).
498 1425 633 1477 Atque
661 1423 760 1464 adeo
789 1423 949 1472 accidit,
985 1430 1029 1464 ut
1055 1423 1095 1463 id
1124 1423 1230 1476 quod
1260 1422 1343 1476 agit
1375 1422 1462 1476 plus
1488 1423 1661 1475 patiatur

242 1503 359 1541 quam
400 1490 546 1529 efficiat
557 1490 600 1541 ⁸).
657 1490 721 1529 Ex
756 1503 835 1543 qua
870 1490 1058 1529 materiae
1093 1491 1131 1529 vi
1167 1496 1206 1529 et
1241 1488 1504 1543 repugnantia
1541 1488 1662 1542 philo-

243 1556 389 1609 sophus
427 1557 619 1610 originem
664 1557 808 1610 repetit
851 1563 1123 1611 portentorum
1168 1564 1208 1596 et
1249 1562 1433 1610 partuum
1473 1561 1662 1597 monstro-

243 1637 373 1662 sorum
386 1624 427 1676 ⁶).

335 1733 358 1774 ¹)
382 1735 417 1767 L.
442 1735 461 1765 l.
491 1736 529 1773 Θ,
556 1738 583 1766 2.
611 1739 692 1768 1046
709 1736 729 1767 b
747 1741 783 1768 4:
814 1737 871 1767 καὶ
895 1709 1017 1779 012sz
1037 1735 1122 1777 μετὰ
1152 1734 1255 1777 λόγου
1279 1736 1387 1766 πᾶσαι
1411 1735 1477 1766 τῶν
1501 1733 1662 1765 ἐναντίων

242 1788 278 1817 αἱ
300 1785 415 1827 αὐταί,
445 1789 481 1818 αἱ
504 1787 538 1819 δ’
563 1784 682 1830 ἄλογοι
705 1792 767 1831 μία
792 1787 885 1830 ἑνός,
915 1786 989 1822 οἷον
1011 1788 1047 1821 τὸ
1078 1788 1208 1832 θερμὸν
1239 1789 1300 1820 τοῦ
1323 1789 1521 1830 θερμαίνειν
1542 1784 1662 1829 μόνον,

241 1837 260 1877 ἡ
284 1839 322 1870 δὲ
346 1839 476 1883 ἰατρικὴ
499 1839 605 1873 νόσου
629 1844 685 1873 καὶ
709 1840 845 1884 ὑγιείας.
897 1846 976 1876 1046
993 1843 1013 1874 b
1036 1845 1087 1875 18:
1109 1841 1145 1874 τὸ
1162 1842 1227 1885 μὲν
1244 1839 1393 1884 ὑγιεινὸν
1410 1838 1540 1883 ὑγίειαν
1553 1837 1663 1883 μόνον

242 1895 334 1925 ποιεῖ
362 1895 418 1924 καὶ
449 1892 485 1926 τὸ
514 1894 743 1938 θερμαντικὸν
774 1894 962 1939 θερμότητα
992 1897 1048 1927 καὶ
1079 1894 1115 1928 τὸ
1147 1894 1313 1936 ψυκτικὸν
1343 1892 1551 1937 ψυχρότητα,
1580 1891 1598 1925 ό
1623 1891 1660 1925 δ’

244 1945 437 1990 ἐπιστήμων
461 1944 576 1989 ἄμφω.
1613 1944 1616 1950 ’

334 1999 357 2040 ²)
381 2001 416 2033 L.
441 2002 462 2032 1.
487 2006 515 2033 5.
541 2004 622 2034 1048
639 2012 657 2033 a
674 2006 709 2032 5:
741 1999 798 2037 τὰς
828 2001 894 2045 μὲν
923 1999 1077 2037 τοιαύτας
1105 1998 1264 2044 δυνάμεις
1288 2002 1402 2040 (intell.
1426 2000 1483 2037 τὰς
1505 1998 1662 2043 ἀλόγους)

244 2049 389 2095 ἀνάγκη,
414 2053 497 2085 ὅταν
520 2053 563 2089 ὠς
586 2053 746 2088 δύνανται
770 2053 806 2087 τὸ
832 2054 1007 2094 ποιητικὸν
1029 2055 1085 2086 καὶ
1109 2052 1144 2086 τὸ
1170 2053 1359 2093 παθητικὸν
1382 2053 1598 2095 πλησιάζωσι,
1627 2052 1663 2086 τὸ

244 2106 311 2149 μὲν
333 2110 445 2140 ποιεῖν
469 2106 505 2139 τὸ
530 2107 569 2139 δὲ
592 2107 746 2149 πάσχειν,
770 2108 898 2143 ἐκείνας
921 2107 959 2139 δ’
984 2107 1046 2139 οὐκ
1070 2105 1210 2148 ἀνάγκη.

336 2160 360 2201 ³)
383 2162 447 2192 An.
471 2165 553 2202 post.
578 2164 607 2193 8.
633 2164 674 2193 93
690 2173 709 2193 a
725 2165 841 2202 23sqq.

332 2215 357 2251 ⁴)
381 2216 428 2244 De
451 2225 524 2255 gen.
550 2225 602 2245 an.
627 2216 682 2252 lv,
708 2218 736 2247 3.
761 2217 822 2245 768
838 2215 858 2245 b
880 2217 935 2246 15:
967 2216 1076 2245 αἴτιον
1100 2213 1137 2244 δὲ
1161 2215 1220 2244 τοῦ
1241 2212 1306 2255 μὲν
1330 2211 1472 2245 λύεσθαι
1493 2212 1550 2249 τὰς
1573 2211 1664 2253 κινή-

245 2275 312 2299 σεις
334 2263 383 2297 ὅτι
407 2266 443 2298 τὸ
468 2268 591 2299 ποιοῦν
613 2268 671 2298 καὶ
694 2265 815 2308 πάσχει
841 2264 906 2299 ὑπὸ
930 2268 990 2300 τοῦ
1015 2265 1215 2309 πάσχοντος,
1240 2262 1313 2300 οἷον
1334 2267 1371 2300 τὸ
1395 2269 1520 2311 τέμνον
1537 2264 1665 2310 ἀμβλύ-

244 2330 336 2351 νεται
358 2317 424 2351 ὑπὸ
455 2323 513 2352 τοῦ
543 2323 754 2364 τεμνομένου
784 2323 841 2352 καὶ
869 2320 904 2353 τὸ
930 2323 1117 2364 θερμαῖνον
1141 2318 1282 2362 ψύχεται
1307 2319 1375 2354 ὑπὸ
1399 2323 1458 2354 τοῦ
1481 2325 1665 2365 θερμαινο-

243 2375 363 2415 μένου,
386 2375 444 2405 καὶ
467 2372 553 2409 ὅλως
574 2374 610 2406 τὰ
636 2376 753 2407 κινοῦν
777 2375 838 2410 ἔξω
861 2376 920 2407 τοῦ
944 2373 1081 2417 πρώτου
1102 2371 1321 2407 annumerat
1334 2386 1408 2409 τινα
1424 2378 1570 2417 κίνησιν,
1593 2371 1667 2407 οἷον

245 2426 281 2459 τὸ
306 2426 422 2461 ὠθοῦν
445 2426 652 2462 ἄντωθεῖταί
672 2440 744 2465 πως
766 2430 823 2461 καὶ
846 2427 1072 2470 ἆντιθλίβεται
1097 2425 1133 2461 τὸ
1157 2428 1288 2468 θλῖβον.

335 2482 360 2521 ⁵)
382 2484 418 2513 L.
443 2484 465 2514 l.
490 2486 551 2514 '¹168
568 2484 588 2514 b
607 2487 664 2515 20:
693 2484 799 2515 ἐνίοτε
823 2483 861 2515 δὲ
884 2486 940 2515 καὶ
963 2482 1049 2518 ὅλως
1071 2483 1181 2514 ἔπαθε
1210 2483 1342 2524 μᾶλλον
1365 2481 1383 2522 ἢ
1408 2484 1579 2523 ἐποίησεν.
1607 2483 1664 2513 καὶ

247 2531 382 2575 ἔψύχθη
404 2535 469 2578 μὲν
486 2535 521 2568 τό
539 2540 740 2580 θερμαῖνον,
765 2535 958 2581 ἰθερμάνθη
976 2536 1014 2569 δὲ
1030 2535 1066 2569 τὸ
1084 2536 1210 2578 ψῦχον,
1233 2532 1288 2568 ὁτὲ
1302 2535 1367 2580 μὲν
1383 2531 1490 2570 οὐθὲν
1505 2535 1666 2575 ποιῆσαν,

249 2584 303 2620 ὁτὲ
326 2588 364 2621 δὲ
386 2581 485 2629 ἧττον
508 2587 527 2631 ἢ
551 2590 676 2624 παθόν.

334 2643 358 2681 ⁶)
382 2645 419 2677 L.
442 2645 464 2675 1.
489 2648 550 2677 769
567 2646 587 2676 b
606 2648 642 2676 7:
668 2669 674 2676 .
700 2671 707 2678 .
731 2670 739 2678 .
766 2669 772 2675 .
797 2644 843 2677 ἔτι
867 2644 904 2676 δὲ
929 2642 984 2675 διὰ
1008 2639 1072 2675 τίν’
1098 2642 1210 2675 αἰτίαν
1232 2640 1286 2675 ὁτὲ
1309 2642 1374 2686 μὲν
1397 2638 1580 2684 ἄνθρωπος
1599 2639 1665 2684 μὲν
