1837 3017
773 191 1026 231 „57-

198 299 265 333 ost.
283 294 449 335 matoria
474 294 558 334 sive
586 283 850 344 submistum,
881 291 1128 334 alterumxrei
1156 295 1285 333 forms
1311 297 1351 330 et
1377 290 1505 337 notio,
1533 295 1607 329 tor·

197 359 296 400 tium
321 359 362 403 id
386 361 491 414 quod
518 361 574 402 illi
602 368 662 402 est
688 360 942 410 contrarium,
970 360 1007 400 h.
1027 373 1061 399 e.
1089 360 1258 413 privatio
1277 358 1318 411 ¹).
1362 357 1608 410 Unumquid-

200 441 279 481 que
304 428 424 481 igitur
449 428 496 468 fit
521 442 544 468 o
571 428 767 468 substrato
795 428 901 482 quod
934 428 1063 467 forma
1098 425 1325 481 recipienda
1352 430 1472 464 caret.
1519 423 1608 472 Quo

201 494 379 546 efficitur,
408 501 452 535 ut
477 500 600 536 status
628 500 669 535 et
686 493 857 535 conditio
877 494 1077 544 substrati,
1104 494 1330 547 priusquam
1350 493 1520 532 formam
1551 505 1611 531 sc-

200 561 311 614 cipit,
345 562 465 601 statui
490 563 559 614 qui
586 562 713 601 forma
740 566 903 613 accepta
930 561 1108 614 sequitur
1135 560 1329 600 contraria
1353 574 1439 598 esse
1469 559 1607 605 soleat,

198 632 316 680 atque
343 628 532 682 privatio,
558 631 666 668 certe
694 641 795 681 quse
822 627 939 681 plena
966 641 1011 667 ac
1039 627 1216 681 perfecta
1243 633 1322 676 est,
1350 626 1532 681 opposita
1559 626 1610 665 s‘ss

197 694 359 735 formae.
415 695 519 734 Num
546 695 613 734 ubi
641 695 738 733 ordo
765 708 844 733 non
872 701 953 740 est,
988 694 1164 733 confusio
1193 700 1252 732 est
1280 708 1325 732 ac
1353 693 1608 745 perturbatio,

196 759 264 801 ubi
291 760 362 802 lux
388 760 519 811 deest,
548 760 692 801 adsunt
719 761 927 811 tenebrae,
955 761 1151 808 litteratus
1179 759 1245 813 qui
1274 774 1351 799 non
1380 766 1458 808 est,
1487 760 1520 799 is
1547 765 1609 800 est

195 826 459 880 illitteratus’)
527 830 705 882 Apparet
732 834 864 869 sutem
891 828 1150 882 privationem
1185 841 1264 866 non
1293 826 1497 880 cognosci,
1534 826 1607 865 nisi

196 894 387 938 rationem
416 896 562 936 habeas
592 896 742 936 formae
770 897 806 936 ei
835 896 1051 950 oppositae,
1079 908 1209 949 neque
1229 889 1299 948 per
1318 908 1361 933 se
1383 894 1608 944 consistere,

198 961 267 1003 sed
298 976 454 1015 semper
496 964 604 1003 cerni
646 964 685 1003 in
725 963 937 1003 substrato.
994 963 1135 1015 Itaque
1170 963 1409 1002 substratum
1446 975 1495 1000 ex
1532 974 1609 1014 quo

198 1028 292 1081 quid
318 1030 384 1079 fit,
422 1029 587 1083 duplicis
617 1030 906 1084 quodammodo
935 1036 995 1069 est
1021 1035 1199 1069 naturae.
1255 1030 1360 1069 Nam
1388 1043 1467 1068 una
1495 1028 1533 1066 in
1563 1041 1609 1066 eo

196 1094 298 1135 inest
333 1096 524 1149 privatio,
559 1098 680 1137 veluti
716 1098 832 1138 homo
866 1097 1061 1137 litteratus
1099 1096 1143 1136 fit
1175 1110 1224 1135 ex
1263 1097 1420 1136 homine
1449 1095 1515 1148 qui
1551 1100 1610 1133 est

196 1161 419 1202 illitteratus
433 1163 477 1215 ⁸).
534 1164 661 1213 Quam
690 1166 740 1205 ob
768 1179 926 1205 causam
961 1162 1214 1217 reprehendit
1241 1163 1447 1202 Platonem
1476 1168 1515 1202 et
1543 1161 1609 1216 qui

130 1228 136 1235 “
197 1242 287 1270 eum
321 1237 549 1284 sequuntur,
589 1232 694 1285 quod
732 1232 925 1285 duplicem
964 1233 1063 1271 hanc
1102 1231 1285 1270 substrati
1320 1237 1501 1270 naturam
1529 1243 1606 1269 non

196 1295 496 1349 distinxerint⁴).
539 1299 785 1340 Intellexisse
814 1300 973 1353 quidem
992 1299 1047 1338 ait
1064 1299 1150 1338 illos
1170 1313 1267 1352 opus
1296 1313 1381 1338 esse
1410 1297 1608 1337 substrato

196 1424 254 1456 καὶ
274 1421 316 1456 τὰ
337 1422 463 1457 τούτων
484 1423 619 1468 μεταξύ.
643 1425 683 1458 τὰ
706 1426 745 1459 δὲ
766 1424 891 1470 μεταξύ
909 1426 946 1459 ἐκ
961 1427 1027 1458 τῶν
1043 1426 1203 1458 ἐναντίων
1226 1425 1328 1464 ἐστίν,
1350 1420 1424 1458 οἷον
1442 1423 1607 1467 χρώματα

197 1477 234 1508 ἔκ
256 1479 377 1509 λευκοῦ
399 1479 457 1509 καὶ
476 1480 638 1521 μέλανος·
668 1478 751 1512 ὥστε
783 1478 886 1512 πάντ’
913 1477 955 1511 ἂν
977 1481 1026 1518 εἴη
1054 1477 1093 1510 τὰ
1122 1477 1224 1519 φύσει
1244 1475 1408 1520 γινόμενα
1429 1475 1448 1517 ἢ
1472 1478 1607 1510 ἐναντία

196 1526 215 1569 ἢ
239 1530 275 1566 ἐξ
295 1530 467 1565 ἐναντίων.

289 1584 311 1623 ¹)
334 1585 372 1618 L.
393 1585 415 1618 1.
439 1586 465 1624 Ι,
490 1589 520 1618 7.
546 1588 625 1618 1091
644 1598 665 1617 ιι
686 1589 736 1617 ¹2:
764 1588 828 1628 μία
856 1586 922 1629 μὲν
951 1582 1012 1619 οὖν
1043 1583 1128 1627 ἀρχὴ
1152 1582 1233 1624 αὕτη
1257 1586 1340 1624 (scil.
1363 1582 1382 1624 ἡ
1405 1582 1610 1626 ὑποκειμένη

198 1634 301 1680 φύσις
322 1638 393 1669 sive
413 1636 433 1677 ἡ
455 1636 542 1678 ὕλη),
575 1637 640 1680 οὐχ
668 1637 755 1672 οὕτω
777 1641 840 1682 μία
865 1636 951 1671 οὖσα
974 1637 1055 1671 οὐδὲ
1081 1637 1185 1674 οὕτως
1207 1638 1243 1671 ἓν
1265 1636 1382 1678 (οὕτως
1404 1634 1445 1670 ὅν
1467 1638 1612 1669 scriben-

197 1691 273 1722 dum
295 1695 354 1723 est.
399 1692 447 1723 Cf.
471 1693 627 1726 Torstrik,
651 1694 769 1726 Philol.
791 1694 871 1732 ΧΠ,
900 1704 931 1734 p.
955 1696 1027 1725 520.
1071 1694 1197 1725 Bonita.
1219 1694 1351 1725 Aristot.
1376 1692 1464 1723 stud.
1487 1702 1517 1732 p.
1537 1691 1610 1728 189)

197 1742 241 1779 ὥς
261 1742 298 1776 τὸ
319 1741 397 1776 τόδε
419 1756 466 1783 τι,
496 1747 559 1784 μία
584 1744 621 1777 δὲ
646 1738 666 1789 ᾖ
689 1743 706 1777 ὁ
732 1743 832 1786 λόγος
852 1748 985 1787 (optime
1008 1748 1133 1778 Bonita.
1157 1746 1177 1776 l.
1202 1746 1222 1775 1.
1254 1756 1282 1785 p.
1305 1748 1379 1776 191:
1410 1747 1473 1787 μία
1503 1743 1541 1774 δὲ
1571 1741 1607 1774 τό

198 1796 286 1832 εἶδος
307 1794 327 1837 ἢ
350 1794 367 1828 ὁ
391 1795 515 1839 λόγος),
539 1798 585 1830 ἔτι
609 1797 649 1830 δὲ
670 1797 707 1830 τὸ
731 1798 885 1831 ἐναντίον
906 1797 1011 1840 τούτῳ
1032 1797 1051 1839 ἢ
1074 1800 1233 1839 στέρησις.

288 1852 312 1892 ')
334 1852 410 1884 Met.
436 1852 475 1891 Θ,
500 1855 529 1883 2.
556 1855 637 1884 1046
654 1853 675 1883 b
694 1855 752 1884 14:
781 1850 800 1892 ὴ
821 1851 888 1894 γὰρ
918 1855 1067 1894 στέρησις
1089 1850 1107 1892 ἡ
1129 1848 1241 1895 πρώτη
1270 1850 1306 1883 τὸ
1331 1851 1495 1890 ἐναντίον,
1526 1848 1608 1890 αὕτη

199 1904 233 1936 δ’
257 1900 422 1946 ἀποφορὰ
443 1907 601 1945 θατέρου.
642 1907 668 1944 Ι,
693 1909 722 1938 4.
749 1908 829 1938 1055
846 1917 866 1937 a
882 1909 937 1938 34:
961 1903 1074 1948 πρώτη
1098 1904 1135 1937 δὲ
1159 1904 1352 1939 ἐναντίωσις
1373 1904 1435 1940 ἕξις
1457 1904 1514 1935 καὶ
1537 1906 1609 1936 στέ-

197 1959 291 2001 ρησίς
318 1957 419 1991 ἔστιν·
451 1956 490 1990 οὐ
520 1960 614 1992 πᾶσα
648 1958 686 1992 δὲ
716 1961 865 2002 στέρησις
899 1960 1089 2002 (πολλαχῶς
1120 1957 1186 2001 γὰρ
1221 1959 1350 2001 λέγεται
1385 1956 1404 1998 ἡ
1434 1959 1609 2001 στέρησις),

135 2033 139 2034 ⁷
198 2009 272 2043 ἀλλ’
297 2009 366 2052 ἥτις
388 2009 430 2044 ἂν
451 2014 558 2045 τελεία
580 2010 611 2057 ᾗ.

285 2064 311 2107 ³)
333 2066 432 2108 Phys.
455 2067 481 2106 Ι,
508 2070 535 2100 7.
563 2070 621 2099 190
639 2078 658 2099 a.
675 2070 730 2099 14:
755 2067 864 2107 (τοῦτο
889 2066 958 2099 ἔστι
982 2066 1121 2106 λαβεῖν),
1145 2063 1197 2098 ὅτι
1220 2065 1274 2098 δεῖ
1287 2078 1317 2098 τι
1334 2064 1385 2098 ἀεὶ
1407 2064 1609 2098 ὑποκεῖσθαι

197 2117 234 2151 τὸ
257 2117 452 2162 γινόμενον,
474 2122 530 2152 καὶ
552 2120 649 2152 τοῦτο
673 2122 703 2151 εἰ
724 2121 781 2152 καὶ
804 2117 940 2163 ἀριθμῷ
963 2120 1054 2152 ἐστὶν
1076 2119 1125 2159 ἕν,
1149 2118 1226 2151 ἀλλ’
1252 2119 1333 2152 εἴδει
1354 2131 1393 2161 γε
1416 2117 1478 2160 οὐχ
1500 2119 1547 2151 ἓν·
1571 2118 1607 2151 τὸ

197 2170 265 2215 γὰρ
295 2171 376 2205 εἴδει
407 2174 492 2215 λέγω
519 2174 577 2204 καὶ
610 2170 699 2214 λόγῳ
729 2171 862 2206 ταύτόν·
893 2172 932 2205 οὐ
963 2172 1029 2215 γὰρ
1060 2170 1183 2205 ταύτὸν
1210 2172 1247 2205 τὸ
1284 2171 1454 2215 ἀνθρώπῳ
1487 2173 1543 2204 καὶ
1571 2171 1607 2204 τὸ

198 2223 339 2268 ἀμούσῳ
360 2226 455 2259 εἶναι.
495 2230 589 2258 1912
608 2232 640 2257 l:
664 2226 777 2268 ἕτερον
799 2226 865 2268 γὰρ
888 2227 933 2266 τῷ
955 2224 1129 2268 ἀνθρώπῳ
1152 2229 1209 2259 καὶ
1230 2227 1280 2268 τῷ
1298 2224 1437 2270 ἀμούσῳ
1459 2225 1494 2258 τὸ
1512 2226 1609 2265 εἶναι,

199 2280 256 2310 καὶ
277 2278 314 2311 τὸ
338 2277 574 2321 ἀσχηματίστῳ
597 2280 653 2310 καὶ
670 2280 798 2321 χαλκῷ.
837 2281 899 2310 Pro
916 2280 1036 2320 quibus
1052 2282 1217 2321 sequimur
1233 2283 1417 2313 Bonitzium
1433 2282 1453 2314 l.
1468 2281 1487 2312 l.
1505 2291 1535 2321 p.
1550 2282 1609 2311 188

198 2333 297 2366 scribi
326 2334 507 2366 iubentem:
537 2332 649 2374 ἕτερον
679 2331 745 2375 γὰρ
775 2331 811 2366 τὸ
842 2330 1014 2375 ἀνθρώπῳ
1044 2335 1101 2366 καὶ
1128 2332 1164 2366 τὸ
1195 2332 1335 2377 ἀμούσῳ
1364 2333 1465 2374 εἶναι,
1493 2331 1607 2365 καὶτὸ

200 2385 438 2428 ἀσχηματίστῳ
458 2387 516 2417 καὶ
533 2384 661 2427 χαλκῷ.

287 2438 315 2479 ⁴)
338 2439 376 2474 L.
399 2440 422 2471 l.
445 2440 471 2479 1,
496 2443 524 2472 9.
552 2443 611 2473 192
628 2451 648 2474 ι
665 2444 699 2473 1:
727 2438 796 2472 clm
819 2440 975 2482 φαίνεται
1000 2437 1123 2481 αὐτοῖς,
1146 2443 1240 2483 εἴπερ
1263 2440 1354 2474 ἐστὶν
1377 2439 1512 2483 ἀριθμῷ
1532 2443 1608 2484 μία,

202 2493 259 2525 καὶ
281 2490 423 2534 δυνάμει
445 2496 510 2536 μία
530 2492 640 2536 μόνον
663 2494 756 2527 εἶναι.
779 2494 877 2525 τοῦτο
900 2493 939 2525 δὲ
962 2494 1114 2537 διαφέρει
1138 2496 1304 2526 πλεῖστον.
1339 2496 1429 2533 Quae
1444 2496 1610 2527 Prsntlius

201 2548 441 2588 iata-promum
476 2549 613 2587 ‚Fsrnsr
635 2548 773 2591 glauben
796 2548 854 2586 sie,
877 2548 964 2588 dass,
989 2549 1063 2581 weil
1081 2550 1171 2590 Jenes
1195 2549 1430 2581 Substanzielle
1452 2549 1508 2581 der
1529 2549 1610 2582 Zshl

201 2601 286 2633 nuob
307 2602 407 2632 Eine:
429 2602 489 2640 ist,
521 2612 555 2632 ss
578 2603 661 2634 such
683 2602 738 2633 der
759 2603 879 2633 Potenz
901 2604 983 2634 nach
1008 2604 1107 2634 Eines
1135 2604 1199 2641 sei3
1229 2602 1320 2633 datin
1350 2603 1426 2634 uber
1454 2604 1537 2645 liegt
1558 2605 1611 2635 ein

200 2665 328 2697 grosser
349 2654 591 2688 Unuca-achia&-
638 2656 700 2689 Sed
721 2656 776 2688 hic
803 2658 967 2697 potentiue
988 2660 1020 2689 et
1041 2660 1132 2689 setus
1155 2656 1326 2689 discrimen
1350 2657 1456 2690 locum
1480 2659 1609 2692 omnino
