1837 3017
799 131 1055 171 ..23-

230 248 370 281 otuu·
396 236 448 278 ad
474 236 571 279 duas
597 236 745 278 redire:
773 236 824 277 ad
842 250 1002 276 causam
1020 237 1177 277 finalem
1203 241 1244 275 et
1270 248 1430 275 causam
1457 236 1635 275 materia-

229 302 323 355 lem,
347 317 447 359 quas
473 303 739 360 philosophus,
774 304 848 346 etsi
874 304 1037 346 alteram
1065 317 1114 345 ex
1141 305 1266 346 altera
1293 304 1437 345 ducere
1464 317 1543 343 non
1569 318 1635 357 po·

228 370 326 422 tuit,
358 376 488 414 tamen
516 372 710 413 artissime
737 373 839 413 inter
866 385 908 412 se
936 372 1149 412 coniunxit.
1204 372 1336 413 causa
1361 371 1489 411 finalis
1518 371 1633 422 enim,

228 445 272 480 ut
305 438 355 480 ad
371 440 469 486 ,vim
500 446 760 495 naturamque
797 456 909 482 suam
942 439 1167 494 perveniat,
1206 447 1297 495 eget
1325 439 1489 481 materia
1516 445 1635 493 atque

226 506 323 548 haec
357 504 577 561 promptam
609 514 866 562 paratamque
905 507 955 547 ad
990 508 1238 550 formandum
1275 508 1330 548 illi
1371 521 1414 547 se
1454 506 1634 560 praebet.

226 573 308 614 Sed
341 575 415 615 hoc
447 575 580 616 mirari
616 576 703 628 quis
730 575 876 628 {possit,
910 589 1000 614 cum
1037 576 1200 615 materia
1234 577 1425 628 originem
1462 589 1484 613 e
1513 588 1635 614 causa

224 640 332 682 finali
358 655 437 683 non
465 641 632 693 duxerit,
661 655 738 696 quo
765 641 845 691 fiat,
873 647 916 681 ut
943 641 1011 682 fini
1037 645 1118 682 tam
1144 642 1298 682 facilem
1318 641 1634 696 morigeramque

226 723 269 749 se
301 716 486 764 praestet.
540 710 613 749 Oui
655 710 875 763 quaestioni
917 723 966 749 ex
1004 710 1242 749 Aristotelea
1281 710 1439 763 quidem
1482 711 1634 750 ratione

224 777 338 819 facile
378 783 438 818 est
475 772 677 830 responsu.
735 776 834 817 Cum
876 778 978 818 enim
1020 792 1134 818 omne
1175 777 1359 816 movendi
1398 777 1632 830 principium

225 844 341 885 situm
371 844 422 885 sit
446 845 488 884 in
516 858 634 884 causa
661 843 781 895 finali,
809 842 974 885 materia
1001 845 1183 885 resistere
1210 846 1317 885 nullo
1347 844 1462 884 modo
1490 849 1632 897 potest.

225 913 330 957 Nam
357 912 409 953 ad
435 911 693 954 resistendum
721 925 818 964 opus
847 918 906 951 est
924 913 974 961 vi,
1004 926 1104 965 quae
1124 914 1208 954 sine
1234 918 1340 951 motu
1371 924 1458 950 esse
1484 911 1632 964 nequit.

226 981 360 1034 Atque
396 979 445 1020 ob
483 978 647 1019 eandem
682 992 841 1018 causam
877 979 1061 1020 destituta
1088 986 1148 1020 est
1175 979 1280 1020 omni
1306 980 1445 1020 forma.
1503 978 1635 1019 Motus

225 1046 329 1086 enim
363 1052 423 1086 est
456 1046 523 1099 qui
557 1047 701 1085 format
735 1059 782 1084 ac
820 1046 945 1098 fingit,
1002 1049 1181 1099 Apparet
1208 1053 1338 1085 autem
1366 1048 1487 1085 talem
1515 1053 1635 1085 mate-

223 1114 323 1156 riam
358 1127 428 1168 per
462 1127 505 1153 se
538 1127 739 1166 nunquam
774 1119 929 1152 exstare
957 1113 1129 1167 potuisse
1142 1112 1183 1166 ¹).
1238 1112 1318 1154 Sed
1347 1114 1447 1153 hanc
1475 1113 1636 1153 difficul-

225 1189 346 1222 tatem
365 1180 599 1222 Aristoteles
627 1181 796 1220 removit
824 1194 869 1218 eo
901 1180 1005 1233 quod
1033 1180 1222 1219 mundum
1250 1181 1374 1219 voluit
1401 1195 1487 1219 esse
1515 1187 1636 1219 aeter-

225 1249 376 1300 num').
435 1249 551 1297 Quod
589 1248 701 1287 nobis
746 1247 1052 1299 intellegendum
1089 1262 1174 1287 esse
1208 1247 1363 1287 videtur
1399 1248 1439 1287 in
1476 1247 1634 1287 modum

225 1330 334 1368 eum,
369 1322 411 1359 ut
439 1322 546 1357 ortus
575 1314 734 1369 quidem
770 1314 820 1354 sit
855 1313 1046 1365 mundus,
1082 1313 1151 1354 sed
1180 1314 1230 1353 ab
1259 1314 1362 1354 omni
1390 1314 1633 1365 aeternitate,

224 1399 302 1424 non
330 1391 438 1424 certo
466 1384 598 1437 aliquo
628 1382 814 1433 temporis
841 1388 1053 1420 momento.
1100 1382 1204 1420 Nam
1228 1382 1323 1420 deus
1352 1389 1411 1420 est
1438 1389 1633 1431 aeternus,

224 1452 410 1506 quocirca
444 1452 562 1492 etiam
595 1447 765 1490 mundus
801 1462 852 1488 ex
886 1453 1044 1487 aeterno
1081 1453 1260 1501 tempore
1297 1449 1460 1488 effectus
1496 1449 1546 1488 sit
1571 1462 1635 1488 ne·

225 1533 334 1560 cesse
362 1525 435 1568 est,
460 1532 547 1558 cum
574 1516 752 1568 intellegi
779 1520 962 1568 nequeat,
990 1529 1059 1554 cur
1077 1515 1173 1555 deus
1192 1521 1374 1555 aeternus
1399 1530 1478 1555 non
1506 1516 1636 1555 statim

225 1588 275 1628 ab
301 1587 430 1637 initio,
464 1586 539 1626 hoc
577 1591 637 1625 est
663 1584 713 1624 ab
741 1583 847 1623 omni
874 1582 1125 1633 aeternitate,
1163 1584 1298 1623 mundi
1327 1583 1485 1624 creandi
1513 1583 1635 1623 consi·

317 1749 341 1791 ¹)
364 1751 466 1791 Phys.
490 1750 546 1789 1v,
571 1752 600 1780 7.
625 1751 689 1780 214
704 1759 724 1779 a
741 1750 796 1778 14:
817 1745 836 1787 ἦ
858 1746 923 1789 μὲν
944 1744 1010 1789 γὰρ
1033 1743 1092 1785 ὕλη
1109 1743 1148 1777 οὐ
1160 1744 1307 1787 χωριστὴ
1329 1746 1395 1778 τῶν
1414 1745 1634 1789 πραγμάτων.

224 1804 280 1842 lv,
305 1805 334 1835 9.
359 1805 419 1834 217
437 1813 456 1834 a
472 1806 528 1834 21:
552 1799 649 1844 ἡμεῖς
671 1800 709 1832 δὲ
731 1801 876 1842 λέγομεν
899 1799 936 1831 ἐκ
958 1799 1024 1831 τῶν
1045 1797 1276 1841 ὑποκειμένων
1299 1797 1350 1830 ὁίι
1372 1799 1464 1831 ἐστὶν
1486 1797 1548 1839 ὕλη
1570 1802 1634 1842 μία

224 1857 291 1890 τῶν
314 1856 488 1896 ἐναντίων,
511 1856 643 1898 θερμοῦ
666 1855 724 1887 καὶ
746 1853 882 1896 ψυχροῦ
908 1854 966 1885 καὶ
993 1853 1060 1886 τῶν
1082 1846 1192 1885 ἅλλών
1214 1852 1281 1885 τῶν
1304 1853 1459 1894 φυσικῶν
1482 1851 1636 1886 ἐναντιώ-

225 1920 322 1950 σεων,
352 1910 411 1942 καὶ
433 1908 470 1942 ἐκ
493 1905 637 1951 δυνάμει
662 1903 757 1942 ὄντος
785 1906 935 1948 ἐνεργείᾳ
962 1902 1003 1939 ὃν
1030 1907 1172 1948 γίνεται,
1202 1906 1258 1936 καὶ
1289 1903 1328 1937 οὐ
1352 1905 1502 1950 χωριστὴ
1529 1906 1594 1949 μὲν
1616 1905 1636 1947 ἡ

224 1962 304 2005 ὕλη,
332 1964 378 2005 τῷ
405 1962 439 1995 δ’
470 1962 557 1995 εἶναι
586 1961 708 2002 ἕτερον.
754 1961 897 1992 Chalcid.
926 1962 1010 1992 Tim.
1031 1961 1070 2000 p.
1086 1962 1148 1991 410
1179 1960 1228 1993 ed.
1256 1961 1383 1992 Metu-s:
1419 1962 1545 1999 ¹,Etiam
1573 1962 1636 1993 hoc

224 2018 436 2050 communiter
466 2016 507 2047 ab
534 2015 684 2047 omnibus
711 2015 959 2054 pronunciatur,
987 2014 1112 2053 sylvam
1143 2014 1214 2044 sine
1236 2016 1391 2054 qualitate
1414 2025 1484 2045 esse
1506 2025 1545 2045 ac
1567 2016 1636 2045 sine

224 2072 330 2114 figura
351 2075 383 2103 et
405 2071 476 2103 sine
497 2070 620 2110 specie3
643 2079 708 2100 non
730 2067 816 2108 quod
838 2068 908 2099 sine
922 2067 974 2098 his
989 2077 1130 2108 unquam
1147 2077 1219 2099 esse
1234 2069 1348 2108 possit,
1373 2068 1428 2099 sed
1451 2068 1536 2109 quod
1556 2068 1637 2100 haec

224 2125 265 2158 e'x
287 2126 416 2166 propria
436 2128 552 2154 natura
573 2132 637 2153 non
660 2122 778 2152 habeat
799 2130 859 2152 nec
879 2121 1042 2160 possideat
1073 2123 1182 2161 potius
1205 2131 1301 2161 quam
1324 2123 1492 2152 comitetur
1513 2123 1636 2161 species

224 2183 257 2211 et
278 2177 481 2220 qualitates!

315 2232 338 2270 ')
361 2232 411 2263 De
432 2229 520 2260 eaelo
542 2228 569 2265 Ι,
595 2229 633 2259 10
642 2237 711 2267 sqq.
741 2228 807 2259 Cic.
824 2227 973 2258 Academ.
997 2237 1044 2267 pr.
1070 2230 1122 2267 38,
1149 2230 1226 2260 119:
1252 2229 1354 2266 „Cum
1377 2230 1461 2259 enim
1482 2233 1558 2259 tuus
1574 2229 1636 2260 iste

227 2285 355 2317 Stoicus
377 2283 507 2323 sapiens
529 2280 715 2322 syllabatim
737 2280 799 2311 tibi
821 2281 886 2311 ista
907 2279 1037 2319 dixerit,
1061 2282 1170 2312 veniet
1191 2282 1309 2312 flumen
1329 2282 1484 2313 orationis
1507 2291 1635 2312 aureum

225 2339 362 2372 funden·
383 2336 593 2374 Aristoteles,
621 2336 678 2375 qui
708 2320 803 2366 illum
825 2334 967 2374 desipere
996 2334 1098 2366 dicat:
1125 2345 1229 2375 neque
1251 2336 1335 2366 enim
1358 2340 1462 2367 ortum
1485 2345 1554 2366 esse
1576 2345 1635 2366 un-

226 2401 323 2434 quam
345 2390 515 2427 mundum,
545 2389 630 2429 quod
659 2389 750 2419 nulla
777 2388 873 2417 fuerit
893 2397 978 2423 novo
1001 2388 1138 2418 consilio
1161 2389 1243 2418 inito
1266 2392 1332 2418 tam
1354 2389 1509 2428 praeclari
1531 2389 1634 2427 operis

228 2446 383 2487 inceptio,
413 2447 445 2474 et
466 2444 513 2475 ita
535 2453 605 2475 esse
627 2452 700 2474 eum
722 2441 864 2481 undique
885 2445 1010 2480 aptum,
1039 2445 1076 2472 ut
1096 2441 1189 2473 nulla
1210 2442 1262 2472 vis
1285 2445 1389 2472 tantos
1413 2445 1507 2481 queat
1528 2445 1634 2472 motus

228 2498 502 2537 mutationemque
522 2496 646 2536 moliri,
676 2495 768 2527 nulla
790 2497 937 2526 senectus
962 2495 1174 2527 diuturnitate
1201 2497 1376 2534 temporum
1399 2494 1569 2532 exsistere,
1598 2498 1635 2525 ut

228 2555 284 2587 hic
305 2555 436 2585 ornatus
458 2560 601 2591 unquam
624 2550 768 2592 dilapsus
792 2548 946 2581 occidat!
