1837 3017
805 152 1060 192 -26-.-

335 255 380 297 Si
409 256 503 310 quid
529 256 634 296 enim
661 255 922 312 compositum
950 261 1028 306 eet,
1059 261 1104 296 ut
1137 270 1259 299 unum
1291 258 1360 308 sit,
1393 270 1474 298 non
1507 262 1638 298 tamen

228 324 379 375 acervi,
416 324 485 365 sed
512 324 690 378 syllabae
717 325 852 375 instar,
887 323 1101 378 quaeritur,
1139 324 1235 378 quid
1267 325 1319 367 sit
1351 324 1457 380 quod
1492 330 1538 367 ut
1563 324 1642 365 ele·

228 398 362 432 menta
387 392 542 446 singula
568 406 653 433 rem
688 393 927 441 constituant
959 405 1078 433 unam
1113 391 1270 435 efficiat,
1323 393 1575 434 Elementum
1588 391 1640 437 jd

230 474 316 500 esse
347 474 427 499 non
463 465 594 512 potest
628 474 760 514 neque
797 475 847 500 ex
874 460 1077 500 elementis
1112 460 1384 514 compositum.
1435 460 1540 500 Nam
1567 459 1642 499 ele—

229 532 404 566 mentum
429 526 462 565 si
487 526 526 566 id
555 533 672 578 esset,
697 542 833 568 rursus
860 541 958 580 opus
987 532 1090 567 esset
1117 527 1192 567 alio
1220 541 1300 580 quo
1328 527 1433 581 quod
1458 527 1534 568 hoe
1552 541 1640 567 eum

229 593 388 646 reliquis
407 592 447 632 in
467 607 588 634 unum
616 594 873 647 coniungeret
900 593 1217 646 conciliaretque,
1244 592 1351 646 quod
1370 608 1459 635 eum
1487 607 1642 647 semper

229 659 358 700 denuo
394 660 675 713 requireretur,
709 676 773 701 res
806 662 1113 715 progrederetur
1139 661 1180 701 in
1207 659 1422 710 infinitum,
1455 662 1506 702 cf.
1526 662 1552 702 b
1569 664 1642 703 21:

229 724 274 766 ἐκ
298 723 447 767 τούτου
473 727 549 780 γὰρ
576 727 646 768 καὶ
670 727 801 781 πυρὸς
827 728 897 768 καὶ
922 729 998 781 γῆς
1023 726 1139 770 ἔσται
1157 724 1182 782 ἡ
1202 723 1307 780 σάρξ
1331 726 1400 768 καὶ
1421 728 1482 771 ἔτι
1500 723 1640 777 ἄλλον,

229 791 328 836 ὥστ’
359 792 419 844 εἷς
445 790 619 848 ἔπειρον
643 797 864 847 βαδιεῖται.
908 797 1058 838 Contra
1086 810 1135 836 ex
1159 795 1364 836 elementis
1383 796 1416 836 si
1435 802 1643 847 constaret,

228 862 377 902 rediret
404 863 581 916 quaestio
610 877 711 917 quae
738 864 779 904 in
801 857 924 904 'carne
950 872 989 905 et
1016 864 1169 918 syllaba
1196 863 1484 904 consideranda
1508 877 1643 905 occur-

229 930 365 971 rebat:
395 930 488 984 quid
515 931 653 972 horum
683 931 968 974 elementorum
1006 932 1199 973 unitatem
1223 932 1449 973 constituat.
1501 931 1643 985 Itaque

229 1000 465 1038 elementum
504 999 544 1038 id
585 1012 670 1038 esse
710 1000 865 1052 nequit,
910 999 979 1039 sed
1026 1004 1087 1038 est
1125 999 1434 1052 uniuscuiusque
1465 999 1522 1039 rei
1557 998 1645 1039 sub-

229 1067 385 1107 stantia.
404 1066 406 1069 ’
425 1066 538 1106 Haec
566 1066 668 1106 enim
695 1065 822 1120 prima
848 1067 906 1107 rei
935 1080 1054 1107 eausa
1082 1072 1152 1106 est.
1201 1066 1287 1107 Iam
1317 1081 1406 1108 oum
1433 1065 1643 1107 nonnullae

228 1148 360 1174 rerum
380 1133 624 1173 substantiae
643 1147 721 1173 non
741 1133 830 1184 sint,
857 1139 1109 1187 quotcunque
1128 1139 1259 1173 autem
1278 1133 1522 1174 substantiae
1540 1139 1643 1183 sunt,

228 1201 444 1243 secundum
464 1208 646 1242 naturam
668 1207 707 1242 et
723 1208 867 1242 natura
886 1201 1144 1250 constiterint,
1163 1207 1304 1242 natura
1322 1201 1409 1255 ipsa.
1426 1200 1645 1241 substantia

227 1276 304 1320 est,
333 1283 434 1323 quae
462 1283 542 1308 non
569 1269 806 1309 elementum
835 1275 913 1318 est,
949 1269 1018 1308 sed
1047 1268 1302 1322 principium,
1329 1268 1356 1308 b
1375 1269 1444 1309 28:
1477 1264 1569 1310 ἐπεὶ
1595 1264 1639 1308 d'

228 1334 318 1379 ἔνια
346 1333 419 1379 οὐκ
447 1333 588 1379 οὐσίαι
613 1339 694 1378 τῶν
712 1334 976 1391 πραγμάτων,
1004 1332 1099 1377 ἀλλ’
1122 1333 1219 1378 ὅσαι
1238 1332 1378 1379 οὐσίαι
1396 1336 1500 1378 κατὰ
1518 1333 1644 1390 φύσιν

228 1405 297 1446 καὶ
324 1402 454 1458 φύσει
487 1401 772 1459 συνεστήκασι,
810 1402 958 1459 φανείη
991 1400 1041 1445 ὃν
1078 1403 1148 1445 καὶ
1180 1402 1282 1458 αὕτη
1314 1401 1341 1459 ἢ
1369 1401 1493 1459 φύσις
1519 1401 1642 1447 οὐσία

229 1474 360 1526 (nobis
396 1473 649 1514 scribendum
675 1473 849 1513 videtur:
888 1472 958 1514 καὶ
996 1468 1101 1526 αὐτὴ
1136 1468 1162 1526 ἦ
1195 1469 1350 1526 φύσις),
1384 1471 1411 1527 ἥ
1446 1472 1555 1515 ἐστιν
1596 1470 1646 1514 οὗ

230 1543 430 1592 στοιχεῖον
449 1537 541 1582 ἀλλ’
564 1537 664 1595 ἀρχή
679 1540 746 1594 ¹).“
791 1540 859 1582 Sic
878 1540 1105 1582 animalium
1134 1540 1355 1581 substantia
1379 1545 1440 1582 est
1457 1541 1588 1582 anima
1599 1540 1643 1594 ¹).

229 1610 376 1650 Anima
402 1623 497 1649 vero
526 1609 643 1649 etiam
670 1609 861 1649 unitatem
890 1608 1068 1649 animalis
1095 1607 1216 1648 efficit
1228 1607 1274 1661 ⁸).

234 1775 300 1806 rios
322 1775 403 1806 haee
424 1775 571 1814 potuisse
592 1775 677 1806 inter
699 1783 733 1805 se
756 1773 949 1804 confundere
970 1776 1113 1813 apparet.
1158 1773 1260 1804 Cuius
1281 1773 1410 1814 generis
1433 1783 1518 1805 error
1539 1775 1650 1805 nostra

231 1828 362 1869 quidem
399 1829 560 1860 sententia
594 1828 752 1869 reperitur
785 1827 882 1858 etim
909 1826 1010 1867 Phys.
1033 1826 1076 1865 11,
1100 1828 1131 1858 9.
1156 1828 1218 1859 200
1233 1825 1255 1858 b
1273 1829 1307 1858 1:
1335 1825 1410 1860 ἐπεὶ
1430 1823 1450 1865 ἦ
1472 1826 1563 1858 οἰκία
1584 1836 1649 1858 τοι·

231 1880 324 1922 όνδε,
346 1879 426 1914 τάδε
448 1880 503 1914 δεῖ
521 1883 704 1923 γίγνεσθαι
727 1881 785 1911 καὶ
806 1877 972 1921 ὑπάρχειν
994 1879 1030 1914 ἐξ
1051 1876 1211 1920 ἀνάγκης,
1234 1880 1293 1911 καὶ
1314 1878 1389 1912 ἐπεὶ
1402 1878 1422 1919 ἡ
1437 1877 1546 1921 ὑγίεια
1561 1878 1648 1919 τοδί,

230 1933 310 1967 τάδε
335 1934 390 1966 δεῖ
408 1936 590 1976 γίγνεσθαι
613 1933 648 1970 ἐξ
670 1931 819 1975 ἀνάγκης
841 1933 898 1964 καὶ
922 1929 1097 1974 ὑπάρχειν.
1122 1929 1226 1968 οὕτως
1240 1933 1299 1964 καὶ
1313 1933 1344 1965 εἰ
1358 1927 1541 1975 ἅνθρωπος
1561 1931 1648 1974 τοδί,

227 1988 320 2021 ταδί·
342 1989 372 2021 εὶ
383 1987 422 2020 δὲ
434 1987 523 2029 ταδί,
539 1988 626 2022 ταδί.
660 1989 892 2020 Existimamus
910 1989 995 2019 enim
1014 1987 1218 2020 scribendum
1233 1996 1320 2019 esse:
1337 1988 1368 2019 εἰ
1385 1986 1423 2019 δὲ
1441 1986 1527 2028 τοδί,
1545 1987 1633 2020 ταδί.

318 2043 340 2082 ¹)
364 2043 554 2075 Primariam
576 2044 661 2074 enim
677 2043 707 2074 si
722 2046 848 2083 spectas
873 2038 990 2076 οὐσίας
1012 2041 1292 2082 significationem,
1315 2050 1421 2072 rerum
1443 2041 1647 2074 sensibilium

229 2097 432 2129 substantiae
454 2107 519 2128 non
543 2101 619 2129 sunt
642 2098 707 2128 nisi
729 2096 904 2135 naturales,
928 2096 968 2127 ef.
992 2096 1031 2127 de
1053 2097 1151 2127 anim.
1166 2095 1210 2134 11,
1237 2099 1264 2125 1.
1280 2097 1341 2126 412
1359 2105 1379 2127 a
1395 2099 1448 2127 11:
1473 2093 1586 2127 οὐσίαι
1608 2095 1647 2128 δὲ

229 2148 369 2193 μάλιστ’
395 2149 483 2183 εἶναι
506 2149 649 2182 δοκοῦσι
669 2148 709 2182 τὰ
733 2147 886 2194 σώματα,
909 2150 968 2181 καὶ
990 2147 1118 2182 τούτων
1142 2145 1180 2181 τά
1203 2146 1351 2191 φυσικά·
1374 2148 1478 2181 ταῦτα
1498 2147 1565 2192 γὰρ
1580 2149 1647 2182 τῶν

229 2202 341 2238 ἄλλων
363 2203 479 2248 ἀρχαί.
525 2206 648 2236 Tamen
672 2204 895 2236 offendendum
918 2208 968 2235 est
988 2205 1023 2235 in
1046 2214 1084 2235 eo
1105 2204 1192 2244 qnod
1211 2203 1411 2235 substantias
1433 2212 1504 2235 esse
1524 2207 1648 2244 praeter

230 2269 280 2290 res
304 2259 468 2290 naturales
491 2262 637 2299 negatur.
684 2258 797 2298 Itaque
819 2267 996 2299 proponere
1017 2257 1174 2289 audemus
1196 2255 1294 2287 haee:
1323 2254 1397 2287 ἐπεὶ
1426 2253 1464 2286 δ’
1488 2255 1560 2290 ἔνια
1583 2253 1646 2288 οὐκ

231 2309 345 2343 οὐσίαι
366 2312 434 2345 τῶν
455 2309 680 2356 πραγμάτων,
703 2309 778 2343 ἀλλ’
805 2308 930 2351 οὐσίαι,
959 2308 1026 2343 ὅσα
1049 2309 1135 2342 κατὰ
1158 2306 1266 2352 φύσιν
1289 2309 1347 2341 καὶ
1370 2306 1471 2352 φύσει
1493 2307 1649 2350 συνεστή-

231 2375 324 2407 κασι,
343 2367 468 2408 φανείη
491 2362 533 2398 ἂν
556 2367 615 2398 καὶ
638 2364 723 2405 αὐτὴ
746 2363 766 2405 ἡ
789 2362 891 2407 φύσις
913 2362 1024 2397 οὐσία.

321 2420 344 2460 “)
367 2420 444 2452 Met.
467 2421 504 2459 Z,
531 2424 578 2452 10.
606 2422 687 2452 1035
704 2419 726 2451 b
746 2422 801 2449 14:
825 2417 898 2451 ἐπεὶ
921 2417 959 2450 δὲ
981 2415 1001 2458 ἠ
1024 2417 1091 2450 τῶν
1114 2413 1209 2459 ζῴων
1230 2413 1323 2458 ψυχή
1340 2416 1449 2456 (τοῦτο
1463 2414 1531 2459 γὰρ
1548 2413 1647 2447 οὐσία

230 2475 290 2506 τοῦ
313 2471 485 2518 ἐμψύχου)
510 2471 529 2514 ἠ
552 2471 638 2506 κατὰ
660 2470 720 2504 τὸν
743 2469 846 2513 λόγον
869 2471 970 2504 οὐσία
994 2472 1053 2503 καὶ
1073 2468 1110 2503 τὸ
1135 2469 1226 2508 εἶδος
1247 2472 1306 2503 καὶ
1325 2469 1363 2503 τὸ
1385 2473 1420 2504 τί
1436 2467 1479 2511 ἦν
1501 2470 1588 2504 εῖναι
1602 2469 1648 2510 τῷ

230 2527 349 2569 τοιῷδε
379 2526 510 2570 σώματι
540 2533 571 2559 et
600 2537 682 2568 qnae
712 2536 802 2567 sequ.
845 2528 894 2558 De
916 2527 1014 2558 anim.
1038 2526 1081 2564 11,
1109 2529 1138 2559 1.
1162 2528 1224 2557 412
1240 2536 1261 2557 a
1277 2527 1332 2558 19:
1363 2521 1555 2567 ἀναγκαῖον
1581 2518 1648 2566 ἄρα

233 2581 290 2621 τὴν
313 2581 427 2623 ψυχὴν
451 2579 572 2614 οὐσίαν
595 2579 682 2614 εἶναι
705 2577 748 2615 ὠς
769 2578 857 2616 εἶδος
880 2578 1036 2622 σώματος
1058 2580 1209 2622 φυσικοῦ
1230 2576 1375 2622 δυνάμει
1396 2577 1481 2618 ζωὴν
1503 2576 1648 2618 ἔχοντος.

319 2634 343 2674 ³)
367 2636 417 2669 De
438 2636 535 2668 anim.
559 2635 601 2673 11,
626 2638 655 2667 4.
680 2635 743 2665 416
760 2644 780 2665 a
794 2637 828 2665 6:
851 2632 935 2678 πρὸς
960 2633 997 2667 δὲ
1021 2631 1148 2669 τούτοις
1169 2634 1204 2665 τί
1215 2632 1252 2665 τὸ
1269 2634 1413 2675 συνέχον
1428 2632 1474 2668 εἰς
1488 2628 1648 2664 τάναντία
