1837 3017
201 253 426 307 tectonique
454 255 521 308 qui
548 257 715 310 prepare
742 261 828 296 tout
853 270 951 310 pour
979 255 1064 295 elle.
1109 256 1212 296 Dieu
1232 268 1283 296 ne
1302 254 1473 294 descend
1499 255 1610 308 point

202 324 226 361 ὲ
251 334 476 372 gouverner
503 323 560 362 les
589 323 746 373 ehoses3
781 324 874 362 e'est
908 326 931 362 a
964 323 1003 361 la
1036 328 1173 362 nature
1208 322 1498 375 qu'appartient
1529 323 1609 361 l'ar-

203 385 491 441 chitectonique
518 387 570 427 du
598 388 758 439 monde;
787 381 879 428 c’est
906 388 982 427 elle
1011 387 1077 440 qui
1105 388 1260 442 dispose
1280 403 1328 428 en
1349 388 1424 428 vue
1446 387 1497 426 du
1517 388 1607 427 bien

201 456 386 507 supreme
413 454 510 494 dont
536 455 610 494 elle
637 461 698 494 est
724 453 984 508 attireesqui
1012 455 1083 494 fait
1110 457 1224 495 sortir
1251 461 1412 509 partout
1441 455 1478 493 le
1505 454 1610 494 meil-

198 520 285 568 leur
317 520 367 559 du
401 521 590 573 possible,
625 528 664 561 et
700 522 765 574 qui
801 521 950 574 repand
979 527 1154 574 partout,
1192 536 1341 560 comme
1375 535 1452 561 une
1485 520 1609 574 provi-

201 586 325 641 depce
354 587 554 641 vigilante,
584 588 622 627 la
649 588 889 641 proportion‚
918 589 1143 628 l'harmonie
1172 595 1211 628 et
1236 589 1273 628 la
1300 589 1439 629 beaute
1458 589 1520 639 ¹).“

303 654 493 694 Videmus
532 655 652 708 igitur
694 656 890 695 hominem
934 654 1093 694 doctum
1134 661 1311 712 naturam
1348 655 1459 708 quasi
1496 655 1608 695 iuxta

202 720 317 761 deum
345 735 492 775 ponere
519 723 638 776 idque
667 736 712 762 eo
735 722 863 769 modo,
892 728 934 762 ut
952 722 1018 761 illa
1037 721 1200 762 rationis
1220 722 1416 775 particeps
1435 722 1605 775 omnium

200 802 330 828 rerum
359 789 542 829 effectrix
570 790 619 829 sit
647 795 765 843 atque
794 790 985 839 creatrix,
1015 778 1151 829 co‘ntra
1180 789 1274 828 deus
1302 789 1355 828 nil
1383 789 1457 828 nisi
1485 794 1609 829 s‘emet

200 855 326 910 ipsum
358 857 516 910 cogitet.
571 856 688 906 Quod
721 857 752 897 si
786 857 1036 897 statuendum
1073 863 1147 907 est,
1181 870 1329 910 negare
1363 871 1440 897 non
1478 872 1609 911 possu-

200 937 286 962 mus
313 930 435 963 totam
459 924 676 964 doctrinam
698 924 972 964 Aristoteleam
993 924 1180 963 vacillare
1200 930 1239 963 et
1258 925 1491 975 claudicare,
1521 939 1606 964 eum

201 989 380 1045 principii
408 991 537 1032 unitas
566 991 807 1031 desideretur
835 999 954 1045 atque
982 992 1154 1032 maximo
1175 1006 1294 1045 opere
1313 993 1363 1032 sit
1381 993 1609 1042 verendum,

200 1071 251 1097 ne
285 1058 381 1097 deus
416 1058 619 1098 habendus
652 1059 702 1098 sit
739 1074 809 1112 pro
842 1059 969 1099 inutili
997 1074 1042 1098 ae
1070 1073 1373 1112 supervacaneo.
1429 1060 1509 1100 Sed
1537 1060 1611 1113 pri-

201 1139 306 1165 mum
335 1125 601 1178 quaerendum
637 1132 713 1176 est,
749 1127 843 1180 quid
871 1127 1071 1166 Aristoteli
1101 1127 1150 1166 sit
1177 1133 1329 1166 natura.
1382 1128 1442 1167 Ac
1470 1127 1610 1180 prima-

201 1191 298 1231 riam
328 1193 485 1246 quidem
513 1200 552 1233 et
579 1194 775 1247 propriam
811 1194 923 1234 huius
957 1194 1137 1233 vocabuli
1165 1196 1362 1233 notionem
1391 1194 1423 1233 si
1451 1194 1608 1247 respici·

200 1274 304 1309 mus,
339 1267 481 1300 natura
514 1269 573 1302 est
606 1263 731 1301 forma
767 1269 805 1302 et
839 1261 1055 1301 substantia
1083 1276 1213 1301 rerum
1244 1277 1345 1316 quae
1372 1262 1606 1316 principium

199 1328 382 1367 motionis
418 1334 457 1368 et
492 1330 631 1382 quietis
674 1330 713 1369 in
755 1343 798 1368 se
835 1328 1033 1381 habent¹).
1088 1330 1228 1383 Itaque
1271 1330 1338 1370 ubi
1377 1329 1606 1376 Aristoteles

200 1400 378 1433 naturam
407 1402 522 1435 vocat
549 1398 771 1436 universam
805 1397 1038 1448 procreandi
1067 1403 1106 1435 et
1132 1398 1302 1448 augendi
1330 1398 1407 1435 vim
1438 1410 1540 1448 quae
1566 1397 1605 1434 in

199 1459 312 1500 huius
341 1461 473 1501 mundi
501 1463 618 1503 rebus
646 1464 768 1514 inest,
796 1464 851 1503 ita
879 1468 921 1501 ut
947 1463 1123 1515 proxime
1151 1462 1312 1506 accedat
1338 1463 1386 1502 ad
1415 1463 1607 1516 significa-

198 1528 343 1567 tionem
372 1543 488 1582 quam
517 1544 588 1569 nos
616 1531 703 1571 voci
731 1530 786 1569 illi
820 1530 998 1571 subicere
1033 1530 1221 1579 solemus,
1257 1530 1522 1583 intellegenda
1550 1536 1609 1570 est

198 1609 351 1635 summa
384 1596 597 1637 formarum
633 1613 679 1637 ac
716 1599 1022 1638 substantiarum
1059 1611 1160 1651 quae
1194 1597 1233 1636 in
1268 1598 1384 1637 rebus
1418 1603 1542 1651 agunt
1569 1603 1609 1636 et

199 1670 421 1716 operantur.
464 1664 545 1705 Sed
574 1666 606 1705 si
636 1667 729 1721 quid
755 1667 793 1706 in
814 1681 876 1707 me
906 1674 964 1705 est
990 1665 1292 1717 intellegentiae,
1321 1665 1471 1705 formae
1497 1665 1606 1717 ipsae

198 1729 280 1770 sive
319 1731 417 1771 fines
454 1732 657 1784 repetendi
692 1740 781 1773 sunt
815 1748 838 1772 a
872 1733 1031 1773 numine
1069 1733 1218 1781 divino,
1259 1732 1314 1770 ita
1349 1738 1392 1771 ut
1425 1737 1605 1772 naturam

198 1797 358 1838 credere
385 1814 463 1839 non
492 1801 608 1841 liceat
636 1816 794 1842 causam
821 1816 906 1842 esse
936 1801 1007 1851 sui,
1035 1802 1153 1840 immo
1183 1800 1372 1851 originem
1393 1800 1538 1839 habere
1555 1800 1605 1839 ab

196 1865 397 1905 intellectu
433 1882 595 1907 summo.
652 1869 766 1917 Quod
805 1869 882 1909 iam
911 1869 1080 1907 Vaterus
1115 1867 1223 1906 vidit.
1279 1867 1399 1906 Cuius
1428 1866 1606 1906 conferre

197 1932 289 1972 licet
321 1934 434 1974 haee:
475 1935 583 1984 „Iam
617 1936 823 1976 redeamus
858 1936 908 1976 ad
945 1942 1137 1976 naturam.
1194 1936 1228 1974 A
1258 1942 1390 1974 nostro
1418 1934 1605 1987 loquendi

196 2015 270 2040 usu
298 2016 376 2042 non
394 2003 590 2054 abhorret,
620 2004 751 2056 legum
777 2003 1021 2052 naturalium,
1052 2003 1190 2055 quibus
1211 2002 1367 2055 singula
1384 2008 1605 2051 teneantur,

197 2067 520 2123 singularumque
547 2076 775 2112 naturarum
795 2071 906 2124 quasi
926 2083 1113 2109 summam
1133 2075 1313 2109 naturam
1333 2068 1476 2108 dicere.
1515 2068 1605 2108 Hoc

196 2135 418 2187 significatu
453 2138 679 2190 saepissime
714 2141 752 2179 in
783 2138 991 2179 Aristotele
1026 2137 1246 2177 invenimus
1273 2137 1320 2178 τὸ
1348 2136 1450 2177 κατὰ
1478 2133 1603 2189 φύσιν

197 2197 315 2242 εἶναι.
372 2203 446 2244 Cui
478 2204 510 2243 si
544 2211 708 2245 naturae
741 2211 901 2259 propter
940 2203 1229 2251 admirabilem,
1266 2218 1381 2257 quem
1418 2203 1604 2257 conspici-

194 2284 292 2319 mus,
321 2271 466 2324 quique
485 2285 508 2310 a
526 2274 668 2313 summi
697 2272 853 2313 artificis
882 2271 1042 2311 consilio
1061 2272 1259 2325 profectus
1279 2271 1444 2321 videtur,
1472 2285 1602 2310 rerum

288 2402 309 2441 ¹)
332 2403 357 2432 1.
381 2413 410 2443 p.
425 2407 485 2436 593
495 2416 542 2446 sq.

284 2455 307 2495 ²)
330 2456 405 2489 Met.
431 2460 477 2498 A,
501 2462 531 2490 4.
559 2462 638 2491 1015
656 2470 674 2490 a
693 2461 745 2490 13:
782 2457 818 2489 ἐκ
850 2456 891 2498 δὴ
923 2459 989 2491 τῶν
1018 2460 1201 2502 εἰρημένων
1229 2454 1248 2497 ἡ
1272 2455 1384 2499 πρώτη
1414 2454 1515 2499 φύσις
1544 2457 1601 2487 καὶ

196 2512 318 2550 κυρίως
339 2513 504 2554 λεγομένη
527 2512 617 2545 ἐστὶν
639 2511 658 2552 ἦ
683 2511 780 2543 οὐσία
804 2509 822 2551 ἡ
845 2512 912 2544 τῶν
944 2510 1091 2553 ἐχόντων
1122 2509 1226 2552 ἀρχὴν
1249 2509 1407 2550 κινήσεως
1430 2511 1465 2542 ἐν
1488 2509 1602 2546 αὐτοῖς

197 2557 215 2607 ᾖ
240 2561 336 2595 αὐτά.
381 2566 475 2596 Polit.
500 2567 525 2604 1,
550 2569 577 2596 2.
605 2569 683 2598 1252
700 2567 720 2597 b
738 2568 794 2596 32:
817 2563 890 2605 ἡδὲ
915 2563 1015 2608 φύσις
1037 2568 1129 2600 τέλος
1151 2565 1251 2596 ἐστίν·
1275 2560 1348 2596 οἷον
1370 2564 1435 2605 γὰρ
1459 2563 1601 2597 ἕκαστόν

196 2616 263 2649 ἐστι
286 2618 341 2657 τῆς
362 2619 521 2659 γενέσεως
542 2619 761 2659 τελεσθείσης,
783 2616 906 2659 ταύτην
929 2618 1045 2663 φαμὲν
1067 2618 1125 2660 τὴν
1148 2615 1251 2660 φύσιν
1275 2616 1359 2650 εἶναι
1383 2615 1538 2650 ἑκάστου.
