1837 3017
772 212 1022 252 ,59-

193 315 313 356 animi
341 316 513 367 pravitas
540 317 864 370 improbitasque.
907 316 1047 369 Itaque
1073 312 1240 369 privatio
1258 315 1463 365 habenda
1479 321 1538 354 est
1564 316 1603 354 in

192 394 357 422 numero
384 383 666 436 principiorum
682 383 723 435 ¹).
769 384 959 423 Attamen
988 389 1169 423 accurate
1197 383 1228 423 si
1256 396 1341 422 rem
1370 388 1605 435 spectamus,

192 449 248 489 ita
274 462 353 489 non
382 455 456 501 est,
493 450 563 491 sed
597 451 725 491 forma
757 456 816 490 est
843 449 1078 504 principium
1108 450 1213 503 quod
1240 449 1363 490 efficit
1391 448 1605 498 eontraria3

192 528 282 556 nam
316 516 385 556 ubi
417 517 540 567 adest,
576 518 696 556 talem
733 517 934 556 constituit
966 516 1026 555 rei
1061 517 1342 567 conditionem,
1378 516 1447 557 ubi
1482 515 1605 564 abest,

194 597 279 623 eam
309 598 411 637 quae
437 584 497 624 illi
527 583 577 623 sit
604 584 813 634 contraria,
842 584 989 637 pariter
1015 589 1135 636 atque
1153 584 1393 636 gubernator
1420 597 1608 637 praesens

194 663 315 692 causa
341 651 416 691 fuit
441 650 553 690 navis
582 656 775 702 servatae,
804 664 966 691 eversae
994 650 1134 690 absens
1148 650 1192 702 ¹).

298 719 480 772 Apparet
512 717 633 770 igitur
667 718 921 758 Aristotelem
957 731 1037 757 non
1071 731 1202 758 secum
1236 718 1459 769 dissentire,
1501 717 1606 772 quod

193 785 288 825 Met.
317 785 367 834 A,
396 786 434 825 3.
462 785 541 825 983
560 799 582 824 a
602 785 770 838 24seqq.
798 800 935 825 causas
971 799 1056 824 esse
1084 786 1237 824 statuit:
1275 786 1452 835 formam,
1490 792 1607 825 mate-

193 851 314 900 riam,
349 865 507 891 eausam
542 857 786 901 moventem,
826 851 963 904 finem;
1000 853 1117 910 Bhys.
1146 853 1187 901 Ι,
1217 853 1251 891 7.
1284 852 1354 891 191
1376 866 1399 890 a
1420 853 1485 891 12:
1519 851 1606 891 sub-

195 923 380 969 stratum,
420 919 604 969 formam,
648 919 927 972 privationem3
963 919 1058 959 Met.
1087 925 1153 969 A,
1181 920 1217 958 4.
1251 919 1350 958 1070
1370 920 1394 957 b
1414 919 1605 971 252eqq.:

194 985 375 1035 formam,
402 986 676 1039 privationem,
703 986 922 1034 materiam,
950 1000 1106 1027 causam
1128 993 1365 1027 moventem.
1410 985 1515 1026 Nam
1534 985 1607 1024 hae

195 1053 374 1107 singulae
403 1068 607 1095 causarum
636 1055 758 1095 series
778 1069 914 1095 omnes
934 1055 982 1095 ad
1002 1055 1166 1095 eandem
1195 1056 1345 1095 formae
1365 1060 1404 1093 et
1420 1053 1609 1093 materiae

195 1120 483 1173 oppositionem
511 1122 679 1162 redeunt
690 1121 733 1174 ⁸).

302 1188 356 1228 At
384 1188 477 1239 satis
505 1203 583 1229 non
612 1196 672 1230 est
699 1189 829 1230 dicere
856 1191 1037 1232 morbum
1066 1205 1151 1231 esse
1184 1191 1445 1244 privationem
1472 1188 1610 1228 sanita-

195 1257 266 1305 tis,
300 1257 485 1296 tenebras
513 1257 630 1303 lueis,
665 1258 821 1297 virtutis
849 1259 1150 1312 turpitudinem3
1185 1259 1305 1297 immo
1340 1256 1608 1310 quaerendum

197 1328 274 1373 est,
319 1322 413 1377 quid
449 1329 492 1363 ut
532 1323 658 1363 forma
694 1324 796 1364 absit
840 1323 1028 1365 effecerit.
1086 1325 1202 1374 Quod
1245 1331 1288 1364 ut
1321 1323 1608 1376 intellegamus,

196 1390 329 1443 paullo
372 1391 486 1430 altius
529 1393 785 1443 repetendum
828 1399 899 1432 est.
955 1393 1175 1445 Distinguit
1210 1399 1339 1431 autem
1375 1391 1609 1430 Aristoteles

198 1455 275 1496 duo
310 1457 575 1518 potentiarum
603 1459 686 1498 sive
714 1459 854 1499 virium
882 1473 1048 1513 genera:
1075 1459 1271 1513 potentias
1298 1457 1543 1498 irrationales
1572 1462 1610 1495 et

198 1523 470 1577 rationales⁴),
515 1540 680 1579 quarum
723 1526 873 1579 priores
911 1527 1087 1579 singulae
1123 1538 1305 1579 quaeque
1348 1538 1468 1564 unum
1503 1523 1611 1577 quid-

198 1591 302 1643 piam
344 1592 537 1642 efficiunt,
589 1593 710 1633 veluti
750 1593 926 1647 potentia
970 1593 1223 1634 calefaciendi
1273 1592 1442 1631 calorem
1483 1605 1612 1644 neque

287 1766 310 1805 ¹)
332 1768 408 1798 Met.
431 1769 478 1806 A,
502 1770 531 1799 4.
560 1771 638 1799 1070
655 1768 676 1799 b
695 1770 752 1800 162
781 1764 907 1801 τούτων
937 1767 1002 1810 μὲν
1031 1764 1092 1800 οὖν
1115 1768 1217 1799 ταῦτα
1242 1769 1389 1807 στοιχεῖα
1412 1766 1470 1796 καὶ
1493 1764 1609 1805 ἀρχαί,

199 1815 311 1852 ἄλλων
334 1817 368 1851 δ’
393 1817 491 1858 ἄλλα,
521 1818 658 1853 πάντων
681 1820 718 1853 δὲ
742 1819 828 1853 οὕτω
851 1821 917 1864 μὲν
938 1823 1045 1853 εἰπεῖν
1068 1820 1131 1852 οὐκ
1160 1820 1260 1859 ἔστιν,
1291 1820 1336 1859 τῷ
1366 1816 1537 1860 ἀνάλογον
1560 1817 1610 1856 δέ,

199 1871 313 1916 ὥσπερ
335 1876 368 1906 εἲ
387 1885 434 1910 τις
456 1876 545 1906 εἴποι
567 1872 617 1906 δτι
640 1873 746 1916 ἀρχαί
766 1876 830 1907 εἰσι
852 1878 949 1917 τρεῖς,
972 1874 1009 1907 τὸ
1033 1874 1123 1910 εἶδος
1145 1875 1203 1906 καὶ
1222 1871 1241 1913 ἡ
1259 1875 1407 1915 στέρησις
1431 1873 1487 1903 καὶ
1503 1870 1521 1911 ἡ
1537 1869 1610 1910 ὕλη.

289 1929 312 1967 ²)
334 1929 432 1969 Phys.
457 1929 483 1967 Ι,
508 1931 538 1959 7.
567 1931 622 1959 191
642 1939 661 1960 a
676 1931 711 1959 4:
743 1930 799 1959 καὶ
822 1926 925 1969 δῆλόν
947 1928 1038 1962 ἐστιν
1060 1926 1110 1961 ὅτι
1127 1927 1180 1960 δεῖ
1193 1925 1401 1959 ὑποκεῖσθαι
1420 1937 1449 1957 τι
1471 1927 1540 1960 τοῖς
1562 1925 1612 1957 ἐν-

198 1983 323 2017 αντίοις
353 1982 411 2013 καὶ
437 1979 597 2015 τάναντία
626 1979 687 2013 δύο
716 1981 810 2015 εἶναι.
848 1981 977 2025 τρόπον
1007 1982 1048 2014 δέ
1072 1993 1146 2015 τινα
1180 1977 1284 2013 ἄλλον
1318 1977 1378 2015 οὑκ
1413 1977 1610 2021 ἀναγκαῖον·

199 2034 318 2068 ἱκανὸν
340 2034 407 2077 γὰρ
431 2035 524 2067 ἔσται
546 2033 582 2068 τὸ
606 2036 720 2078 ἕτερον
742 2037 808 2068 τῶν
831 2035 994 2069 ἐναντίων
1016 2038 1126 2069 ποιεῖν
1140 2036 1179 2079 τῇ
1196 2034 1348 2075 ἀπουσίᾳ
1371 2036 1427 2066 καὶ
1443 2036 1613 2076 παρουσίᾳ

199 2087 259 2129 τὴν
279 2086 479 2132 μεταβολήν.
523 2090 599 2122 Met.
626 2090 664 2128 Θ,
689 2093 717 2120 2.
744 2092 825 2121 1046
841 2090 862 2121 b
882 2094 935 2122 14:
970 2088 988 2129 ἡ
1010 2089 1076 2132 γὰρ
1101 2091 1252 2133 στέρησις
1274 2086 1294 2127 ἡ
1318 2085 1430 2131 πρώτη
1453 2085 1490 2119 τὸ
1514 2086 1612 2119 ἐναν-

198 2145 283 2181 τίον,
314 2140 396 2183 αὕτη
425 2141 459 2174 δ’
484 2141 648 2185 ἀποφορὰ
676 2144 831 2184 θατέρου.
878 2145 914 2183 Ζ,
938 2148 966 2177 7.
993 2146 1073 2176 1032
1091 2143 1112 2175 b
1130 2146 1163 2175 2:
1194 2144 1251 2174 καὶ
1274 2141 1339 2185 γὰρ
1363 2142 1428 2175 τῶν
1451 2141 1613 2174 ἐναντίων

199 2195 327 2239 τρόπον
355 2195 428 2230 τινὰ
458 2195 493 2229 τὸ
523 2194 603 2228 αὐτὸ
635 2195 742 2232 εἶδος·
770 2197 825 2237 τῆς
847 2196 912 2238 γὰρ
936 2195 1119 2240 στερήσεως
1142 2194 1241 2229 οὐσία
1264 2194 1282 2236 ἡ
1306 2194 1404 2228 οὐσία
1426 2194 1445 2235 ἡ
1469 2194 1613 2228 ἀντικει-

198 2251 296 2291 μένη,
319 2245 393 2281 οἷον
414 2246 523 2291 ὑγίεια
545 2246 663 2289 νόσου,
687 2249 813 2289 ἐκείνης
832 2249 899 2291 γὰρ
922 2248 1074 2291 ἀπουσίᾳ
1096 2250 1255 2290 δηλοῦται
1275 2248 1293 2289 ἡ
1310 2247 1420 2284 νόσος.
1453 2249 1552 2290 Phys.
1569 2249 1611 2286 11,

201 2306 230 2336 3.
256 2305 316 2336 195
333 2314 353 2336 a
371 2306 425 2336 11:
449 2302 496 2335 ἔτι
518 2301 557 2334 δὲ
577 2300 614 2335 τὸ
638 2300 718 2335 αὐτὸ
742 2303 808 2336 τῶν
831 2303 992 2338 ἐναντίων
1015 2304 1107 2338 ἐστὶν
1123 2307 1239 2337 αἴτιον·
1262 2300 1282 2335 ὃ
1297 2302 1362 2346 γάρ
1379 2300 1490 2345 παρὸν
1506 2304 1613 2334 αἴτιον

200 2357 312 2395 τοῦδε,
334 2358 432 2389 τοῦτο
456 2357 513 2388 καὶ
534 2355 626 2389 ἀπὸν
648 2355 832 2399 αἰτιώμεθα
856 2357 961 2389 ἐνίοτε
982 2359 1044 2389 τοῦ
1066 2359 1233 2397 ἐναντίου,
1263 2355 1337 2389 οἷον
1359 2357 1418 2396 τὴν
1441 2355 1611 2387 ἀπουσίαν

203 2410 263 2441 τοῦ
291 2407 495 2450 κυβερνήτου
522 2409 577 2448 τῆς
603 2410 663 2440 τοῦ
691 2410 813 2441 πλοίου
843 2406 1047 2452 ἀνατροπῆς,
1080 2403 1119 2443 οὗ
1146 2406 1187 2451 ἦν
1209 2408 1228 2450 ἡ
1252 2411 1423 2452 παρουσία
1446 2409 1535 2440 αἰτία
1557 2407 1612 2447 τῆς

203 2464 383 2504 σωτηρίας,
416 2463 490 2494 eoll-
513 2464 589 2496 Met.
614 2465 662 2502 Δ,
687 2467 715 2494 2.
742 2466 821 2495 1013
838 2464 859 2494 b
879 2468 927 2497 11.
971 2466 1071 2506 Phys.
1096 2467 1173 2504 VH,
1197 2467 1226 2495 3.
1251 2467 1312 2493 246
1329 2474 1348 2494 a
1366 2467 1419 2493 12:
1453 2460 1514 2492 οὐκ
1541 2461 1613 2492 ἔστι

203 2515 242 2548 δὲ
264 2512 338 2547 οὔτε
359 2513 379 2555 ἡ
402 2513 500 2557 ἀρετὴ
524 2512 599 2548 οὔτε
621 2515 641 2556 ἡ
663 2517 763 2548 κακία
789 2513 975 2558 ἀλλοίωσις,
1005 2515 1081 2549 ἀλλ’
1106 2515 1125 2559 ἦ
1147 2517 1212 2562 μὲν
1234 2514 1332 2559 ἀρετὴ
1359 2516 1524 2551 τελείωσίς
1553 2525 1612 2554 τις,

203 2597 211 2603 .
227 2594 236 2603 .
254 2595 260 2602 .
279 2568 323 2611 ,ἦ
347 2569 385 2603 δὲ
407 2572 509 2602 κακία
533 2569 651 2614 φθορὰ
674 2567 792 2603 τούτου
814 2572 871 2603 καὶ
894 2571 1060 2608 ἔκστασις.
1507 2569 1509 2571 ’

293 2624 318 2665 ³)
341 2624 390 2656 Cf.
414 2625 539 2655 Bonitz.
562 2625 704 2667 Metaph.
729 2628 895 2656 comment.
918 2635 949 2667 p.
965 2628 1038 2659 482.

289 2678 317 2721 ⁴)
339 2679 415 2714 Met.
442 2678 481 2719 Θ,
506 2680 534 2712 2.
559 2683 587 2713 5.
