1837 3017
796 116 981 156 -·117›
1028 138 1073 178 5-

230 220 327 261 satis
352 227 518 274 apparet
543 220 620 261 dici
647 221 746 260 haec
773 220 823 260 de
841 218 1303 271 individuo-quantitatis.
1344 216 1427 258 Sed
1450 217 1528 258 iarn
1547 217 1640 258 1214

229 287 465 328 Aristoteles
499 288 709 328 transierat
741 287 791 327 ad
825 287 992 327 notionis
1019 286 1261 327 individuum
1291 284 1637 326 considerandum:

228 354 276 394 τὸ
319 354 365 395 δὲ
399 354 456 409 μὴ
496 354 601 395 κατὰ
640 353 773 395 ποσὸν
818 350 1052 405 ἀδιαίρετον
1093 350 1199 394 ἀλλὰ
1236 356 1294 407 τῷ
1337 351 1443 393 εἴδει
1479 356 1566 393 νοεῖ
1594 352 1637 393 ἐν

229 418 453 477 ἀδιαιρέτῳ
475 420 605 477 χρόνῳ
632 422 700 463 καὶ
726 419 948 477 ἀδιαιρέτῳ
975 423 1048 476 τῆς
1073 423 1216 476 ψυχῆς.
1257 422 1400 476 Neque
1419 436 1492 461 cur
1516 421 1639 475 philo-

228 490 373 544 sophus
405 490 548 531 iustum
584 489 857 543 disputationis
893 489 1070 530 ordinem
1098 490 1314 531 deseruerit
1341 504 1461 530 causa
1486 489 1638 530 intelle-

227 556 347 609 gitur.
401 558 542 611 Itaque
583 556 644 596 his
678 557 755 597 hoc
788 557 876 597 loco
909 557 1149 611 interpositis
1182 556 1463 597 sententiarum
1478 600 1482 604 ⁴
1496 557 1637 596 cohae-

228 625 356 664 rentia
389 625 657 678 perturbatur.
713 614 796 665 'Sed
835 625 1124 664 consideremus
1166 625 1294 664 locum
1331 625 1553 664 accuratius
1588 639 1636 663 ac

227 690 394 744 primum
423 691 582 745 quidem
609 691 753 734 verba:
779 688 908 732 ἔνεστι
933 691 1008 744 γὰρ
1034 687 1109 732 κᾶν
1132 688 1295 740 τούτοις
1320 707 1362 731 τι
1387 687 1635 741 ἀδιαίρετον,

228 754 322 798 ἀλλ’
350 756 453 808 ἴσως
479 756 529 800 οὗ
553 757 763 811 χωριστόν,
791 755 817 801 ὃ
844 763 959 801 ποιεῖ
985 758 1055 800 ἕνα
1080 759 1151 800 τὸν
1175 756 1319 811 χρόνον
1337 758 1406 800 καὶ
1425 759 1472 799 τὸ
1490 761 1632 814 μῆκος.

227 826 295 866 καὶ
321 824 446 867 τοῦθ’
477 824 633 878 ὁμοίως
664 827 707 868 ἒν
740 827 894 869 ἅπαντί
926 825 1012 870 ἔστι
1045 830 1102 881 τῷ
1136 830 1292 877 συνεχεῖ
1316 827 1385 868 καὶ
1407 824 1538 881 χρόνῳ
1564 828 1633 868 καὶ

225 891 356 947 μήκει.
412 895 584 944 Quibus,
619 896 652 935 si
686 910 759 948 per
785 910 828 935 se
854 896 1051 949 leguntur,
1090 901 1255 949 apparet
1289 894 1439 944 doceri,
1472 895 1512 935 in
1542 910 1633 936 uno·

227 976 385 1015 quoque
412 961 595 1003 continuo
624 969 664 1003 et
689 963 729 1003 in
757 969 934 1017 tempore
962 969 1002 1003 et
1026 963 1067 1003 in
1093 963 1197 1003 linea
1225 962 1352 1002 inesse
1380 962 1545 1015 aliquid,
1576 963 1633 1003 id-

228 1041 305 1081 que
333 1028 383 1067 ab
409 1027 476 1068 illo
501 1043 580 1069 non
608 1029 844 1078 seiunctum,
872 1029 977 1082 quod
1004 1035 1048 1069 nt
1075 1029 1301 1069 continuum
1328 1030 1379 1067 sit
1404 1042 1525 1067 unum
1552 1029 1633 1068 effi-

226 1094 316 1134 ciat.
370 1094 486 1143 Quod
514 1096 608 1150 quid
642 1096 707 1146 sit,
741 1095 814 1136 etsi
841 1095 1074 1136 Aristoteles
1099 1110 1178 1135 non
1206 1095 1316 1143 dicit,
1355 1101 1486 1135 tamen
1515 1095 1633 1147 signi·

225 1161 337 1201 ficari
365 1161 520 1202 videtur
546 1163 665 1203 motio
691 1177 772 1203 una
789 1168 829 1202 et
847 1162 1051 1202 continens
1070 1175 1171 1215 quae
1189 1161 1284 1201 illud
1312 1169 1506 1215 procreat.
1546 1164 1631 1203 Iam

226 1230 495 1271 examinemus
522 1231 639 1271 haec:
665 1230 768 1272 κατὰ
796 1228 1046 1282 συμβεβηκὸς
1063 1228 1123 1274 δέ,
1152 1229 1220 1270 καὶ
1245 1226 1316 1280 οὐχ
1332 1222 1360 1284 ᾗ
1379 1227 1512 1271 ἐκεῖνα
1531 1232 1632 1272 διαι-

225 1294 338 1349 ρετά,
373 1291 408 1352 ᾦ
433 1300 520 1339 νοεῖ
543 1297 612 1340 καὶ
638 1298 681 1340 ἐν
706 1292 738 1353 ᾧ
762 1295 911 1352 χρόνῳ,
946 1293 1040 1339 ἀλλ’
1069 1290 1098 1351 ᾗ
1125 1293 1355 1350 ἀδιαίρετα·
1390 1295 1522 1339 ἔνεστι
1555 1298 1632 1352 γὰρ

224 1362 298 1405 κᾶν
331 1362 496 1414 τούτοις
526 1382 567 1406 τι
602 1363 847 1417 ἀδιαίρετον,
885 1362 978 1405 ἀλλ’
1007 1357 1109 1413 ἶῦως
1144 1361 1193 1406 οὕ
1221 1364 1429 1417 χωριστόν,
1468 1361 1492 1406 ὃ
1518 1370 1635 1407 ποιεῖ

224 1430 296 1473 ἕνα
326 1432 398 1473 τὸν
428 1429 572 1486 χρόνον
606 1433 675 1474 καὶ
700 1433 748 1473 τὰ
774 1434 914 1487 μῆκος.
969 1433 1018 1473 In
1053 1432 1195 1485 quibus
1230 1447 1318 1473 cum
1352 1433 1449 1473 illud
1484 1426 1514 1487 ᾧ
1548 1438 1635 1475 νοεῖ

225 1515 312 1541 esse
343 1507 519 1554 nequeat
556 1501 630 1541 nisi
672 1501 774 1540 actio
812 1500 969 1549 mentis,
1011 1500 1266 1552 philosophus
1307 1500 1402 1539 dicit
1442 1500 1560 1541 etiam
1592 1502 1632 1541 in

221 1567 375 1609 actione
402 1568 543 1609 mentis
571 1574 611 1609 et
637 1568 676 1608 in
704 1574 882 1621 tempore
908 1566 1037 1608 inesse
1064 1566 1231 1621 aliquid,
1267 1566 1385 1619 idque
1412 1567 1463 1608 ab
1484 1567 1532 1609 iis
1560 1569 1635 1610 for·

223 1642 328 1675 tasse
353 1649 433 1675 non
461 1635 691 1686 seiunctum,
719 1635 823 1688 quod
851 1649 970 1674 unum
999 1634 1143 1674 efficiat
1169 1639 1209 1674 et
1235 1639 1390 1686 tempus
1418 1641 1458 1675 et
1475 1635 1632 1676 lineam.

225 1701 306 1742 Sed
333 1701 501 1755 primum
528 1702 669 1742 mirum
700 1708 777 1752 est,
811 1707 966 1755 tempus
1001 1707 1041 1741 et
1075 1700 1268 1741 actionem
1295 1701 1436 1741 mentis
1462 1702 1564 1742 inter
1590 1718 1633 1743 se

223 1769 415 1823 componi.
469 1768 573 1810 Tum
607 1783 685 1810 non
726 1768 985 1821 intellegitur,
1029 1767 1124 1822 quid
1163 1774 1318 1822 tempus
1363 1774 1407 1809 ut
1445 1769 1550 1810 linea
1581 1770 1633 1811 sit

223 1849 303 1876 una
329 1837 520 1876 conferat.
575 1836 759 1889 Denique
785 1836 885 1875 haec
912 1849 990 1875 non
1018 1835 1258 1889 respondent
1285 1836 1502 1876 sententiae
1529 1851 1631 1891 quae

223 1918 342 1957 supra
367 1903 481 1944 nobis
509 1904 685 1943 emersit:
718 1903 758 1943 in
793 1902 977 1943 continuo
1005 1903 1090 1956 ipso
1117 1902 1275 1943 unitatis
1303 1906 1460 1944 caus'am
1487 1905 1629 1945 inesse.

223 1969 341 2018 Quae
367 1969 563 2009 sententia
588 1970 619 2009 si
640 1984 736 2010 vera
763 1975 834 2016 est,
861 1969 901 2009 in
931 1969 1155 2009 enunciato:
1184 1967 1311 2009 ἔνεστι
1339 1969 1415 2023 γὰρ
1443 1967 1516 2011 κᾶν
1541 1969 1631 2011 τού-

221 2053 310 2085 τοις
335 2053 376 2078 τι
403 2034 650 2090 ἀδιαίρετον,
680 2034 774 2080 ἀλλ’
803 2034 905 2085 ἴσως
938 2033 986 2077 οὗ
1017 2034 1228 2089 χωριστόν,
1264 2032 1289 2077 ὃ
1316 2041 1432 2079 ποιεῖ
1462 2038 1532 2080 ἕνα
1558 2039 1647 2090 τὸν,

219 2101 365 2159 χρόνον
398 2104 466 2146 καὶ
498 2104 546 2145 τὸ
578 2106 723 2158 μῆκος,
758 2106 887 2145 ταῦτα
915 2099 1005 2156 (κᾶν
1030 2100 1210 2157 τούτοις)
1238 2118 1324 2144 esse
1358 2119 1436 2145 non
1465 2114 1629 2160 possunt

222 2173 295 2212 nisi
323 2173 429 2213 linea
456 2179 495 2212 et
521 2178 690 2225 tempus.
744 2172 844 2213 Cum
879 2177 1008 2211 autem
1041 2173 1169 2211 ταῦτα
1203 2178 1383 2224 spectent
1409 2174 1458 2212 ad
1486 2166 1518 2226 ᾧ
1544 2178 1631 2225 νοεῖ

221 2238 289 2279 καὶ
323 2237 366 2279 ἐν
392 2232 427 2293 ᾧ
448 2235 598 2292 χρόνῳ,
634 2238 729 2278 illud
764 2232 796 2292 ᾧ
829 2240 929 2285 νοεῖ,
963 2243 1006 2277 ut
1036 2237 1135 2278 haec
1168 2238 1269 2278 inter
1303 2253 1346 2279 se
1380 2241 1627 2291 conveniant,

221 2306 451 2346 mutandum
485 2311 545 2345 est
571 2318 617 2345 eo
647 2305 782 2356 modo,
816 2311 860 2345 ut
891 2305 997 2344 linea
1028 2304 1204 2357 intellegi
1238 2306 1373 2359 possit.
1427 2307 1543 2355 Quod
1571 2309 1628 2358 fit,

223 2373 255 2413 si
291 2387 363 2427 pro
396 2372 529 2413 dativo
562 2372 744 2425 ponimus
775 2371 1060 2412 accusativum:
1095 2366 1118 2412 ὃ
1152 2376 1248 2413 νοεῖ.
1308 2374 1394 2414 Iam
1423 2389 1516 2415 vero
1549 2389 1628 2416 non

223 2440 387 2493 amplius
420 2440 519 2480 haee
545 2440 668 2480 verba
699 2440 826 2480 locum
855 2454 971 2493 quem
1004 2455 1108 2480 nunc
1135 2447 1271 2481 tenere
1298 2450 1470 2496 possunt.
1525 2443 1627 2484 Cum

223 2514 354 2550 autem
381 2509 605 2560 pertineant
629 2508 679 2548 ad
697 2507 940 2548 individuum
961 2509 1203 2560 quantitatis,
1231 2517 1321 2548 ante
1340 2510 1471 2550 omnia
1499 2511 1631 2551 viden-

172 2620 175 2623 ,
224 2574 316 2615 dum
343 2582 419 2625 est,
455 2589 548 2615 num
584 2574 616 2615 si
643 2575 819 2629 reliquae
847 2575 895 2615 de
922 2575 996 2614 hoc
1024 2574 1312 2616 individuorum
1339 2590 1484 2628 genere
1514 2591 1633 2631 expo-
