1837 3017
747 177 916 218 -99
984 156 1047 209 -’

176 286 272 327 tiam
313 282 491 324 idearum
534 281 736 322 doctrinae
781 282 993 322 subiecisse
1043 283 1109 324 vix
1153 285 1373 325 credemus.
1430 283 1596 324 Accedit

176 357 307 393 autem
340 350 447 390 aliud
482 348 589 403 quid.
643 349 880 389 Aristoteles
913 350 964 389 ob
1000 350 1100 390 hanc
1135 353 1308 392 maxime
1336 365 1494 391 causam
1522 366 1597 390 ma-

175 420 342 473 gistrum
380 416 598 471 vituperat,
640 415 744 469 quod
786 415 884 456 ideis
927 416 1029 456 desit
1071 432 1189 459 causa
1232 419 1424 468 efficiens3
1467 418 1597 458 dicere

175 493 306 527 autem
333 485 442 525 ideas
463 498 549 524 esse
568 498 701 524 rerum
721 484 974 538 exemplaria,
1002 484 1098 525 nihil
1118 486 1223 527 aliud
1244 501 1328 527 esse
1347 486 1423 526 nisi
1452 486 1595 539 nugari

175 560 293 608 atque
320 552 572 605 metaphoras
599 551 776 604 proferre
803 551 990 605 poeticas.
1046 551 1146 600 Quis
1174 554 1278 593 enim
1306 560 1381 604 est,
1420 554 1492 603 ait,
1529 553 1596 606 qui

175 621 284 662 ideas
310 621 468 661 intuens
496 618 712 659 secundum
742 632 810 659 eas
838 619 1056 672 operetur?
1084 620 1198 668 Quae
1228 622 1384 674 quidem
1415 621 1595 674 quaestio

175 688 365 729 eiusmodi
400 693 478 736 est,
516 692 560 726 ut
595 686 690 739 ipsis
721 687 898 726 Platonis
932 687 1063 726 verbis
1096 688 1241 741 optime
1275 690 1401 741 possis
1435 702 1595 742 respon-

175 755 324 808 dere').
379 755 492 795 Deus
526 753 629 794 enim
665 759 743 803 est,
778 753 845 807 qui
873 753 923 794 ad
950 753 1129 795 idearum
1157 755 1361 809 exemplar
1386 769 1449 796 res
1477 757 1595 796 sensi-

173 823 274 864 biles
308 823 430 864 efficit
464 828 583 876 atque
618 822 829 876 componit.
883 823 1026 876 Itaque
1064 823 1143 863 tale
1171 823 1265 876 quid
1300 824 1351 863 ab
1379 824 1592 864 Aristotele

174 891 342 944 proferri
370 889 580 931 admodum
607 890 750 930 mirum
779 896 851 931 est.
907 891 1041 943 Atque
1075 890 1188 930 multi
1216 891 1394 931 homines
1422 891 1527 931 docti
1554 891 1594 931 id

174 958 305 998 mirati
325 964 428 1008 sunt,
448 958 569 998 veluti
589 957 725 997 Victor
745 957 953 1008 Cominus,
975 957 1043 1012 qui
1063 958 1136 998 ait:
1158 958 1262 1011 „Par
1281 959 1476 1013 exemple,
1498 958 1597 998 daus

172 1026 210 1065 le
245 1026 417 1079 premier
452 1026 551 1077 livre
588 1026 636 1071 de
670 1027 710 1066 la
744 1026 1067 1080 Metaphysique‚
1110 1026 1287 1080 chapitre
1315 1027 1383 1077 V.,
1418 1028 1594 1067 Aristote

173 1106 315 1133 accuse
333 1093 475 1134 Platon
503 1093 552 1133 de
580 1094 811 1134 n'admettre
839 1107 917 1148 que
944 1094 1047 1134 deux
1067 1094 1266 1148 principes
1286 1109 1353 1134 sur
1374 1095 1431 1134 les
1453 1101 1592 1149 quatre

173 1160 265 1214 qu'il
292 1161 442 1212 6tnblif,
471 1164 495 1202 ὲ
513 1161 658 1212 savoir‚
688 1162 789 1202 celui
819 1162 867 1203 de
887 1163 1072 1203 l'essence
1093 1169 1131 1202 et
1151 1163 1252 1203 celui
1280 1163 1328 1203 de
1356 1163 1395 1203 la
1415 1163 1590 1203 matiere.

173 1227 400 1268 Commeat!
428 1229 572 1269 Platon
600 1231 663 1269 n'a
690 1244 761 1308 pas
789 1229 915 1269 admis
941 1244 986 1269 ce
1006 1230 1206 1270 troisieme
1234 1230 1411 1284 principe
1440 1245 1492 1283 qu
1495 1230 1592 1270 ’Ari-

171 1302 272 1335 stote
300 1297 456 1349 appelle
484 1294 584 1351 ἀρχὴ
614 1295 822 1350 κινήσεως,
850 1296 898 1337 τὸ
920 1294 1066 1347 αι’τιον,
1096 1303 1137 1336 et
1165 1312 1241 1351 que
1266 1297 1405 1337 Platon
1435 1297 1590 1350 appelle

140 1360 142 1363 ’
171 1363 221 1402 ici
255 1362 303 1404 τὸ
333 1360 497 1417 ὅθενᾎ,
531 1365 569 1406 le
602 1365 780 1418 principe
819 1365 868 1405 de
902 1365 941 1404 la
974 1365 1145 1404 cause‘1'“
1203 1366 1258 1405 At
1290 1379 1367 1405 non
1404 1365 1497 1404 satis
1531 1372 1592 1404 est

169 1430 323 1481 mirari,
358 1432 427 1470 sed
456 1432 735 1484 explicandum
764 1437 845 1482 est,
879 1431 1109 1485 quomodo
1106 1431 1190 1470 fieri
1219 1433 1407 1485 potuerit,
1434 1438 1477 1470 ut
1506 1430 1591 1471 Sta-

170 1498 307 1551 girites
339 1505 419 1539 tam
456 1498 650 1538 immerito
686 1498 780 1552 quid
819 1486 1026 1551 magistro*
1045 1498 1196 1538 crimini
1231 1499 1353 1539 daret.
1414 1501 1593 1553 Apparet

169 1571 301 1607 autem
328 1566 578 1607 Aristotelem
613 1567 669 1607 ita
699 1566 920 1621 disputare,
961 1567 1073 1621 quasi
1109 1567 1149 1607 in
1178 1566 1359 1606 doctrina
1386 1566 1592 1606 Platonica

170 1632 271 1674 desit
306 1649 452 1675 numen
495 1634 681 1676 divinum.
738 1634 931 1690 Idemque
974 1649 1213 1688 cognoscere
1254 1635 1347 1687 licet
1389 1648 1437 1674 ex
1479 1648 1591 1687 argu·

169 1701 311 1742 mentis
346 1717 448 1756 quae
493 1704 541 1743 ab
577 1704 787 1744 Aristotele
830 1710 966 1743 contra
1003 1703 1111 1743 ideas
1145 1704 1398 1757 proferuntur
1438 1708 1588 1742 tantum

261 1898 281 1937 ¹)
306 1899 397 1930 Cous.
421 1900 504 1930 inter
527 1909 560 1930 se
585 1899 678 1931 haec:
702 1901 802 1931 Arist.
826 1901 902 1931 Met.
927 1900 966 1939 Δ,
990 1902 1019 1931 9.
1043 1902 1100 1931 991
1120 1909 1140 1930 a
1157 1901 1212 1930 20:
1235 1896 1271 1929 τὸ
1297 1897 1334 1929 δὲ
1352 1899 1462 1940 λέγειν
1479 1910 1588 1942 παρα-

169 1949 334 1995 δείγματα
358 1949 444 1984 αὐτὰ
468 1952 554 1985 εἶναι
577 1954 635 1985 καὶ
655 1955 809 1996 μετέχειν
831 1951 942 1985 αὐτῶν
964 1948 1069 1984 τᾶλλα
1097 1953 1290 1993 κενολογεῖν
1313 1952 1382 1984 ἐστὶ
1407 1954 1464 1984 καὶ
1485 1964 1590 1996 μετα-

167 2003 278 2047 φορὰς
299 2006 409 2048 λέγειν
433 2005 616 2047 ποιητικάς.
646 2009 680 2040 τί
703 2005 770 2049 γάρ
794 2007 864 2039 ἐστι
887 2006 923 2039 τὸ
949 2003 1177 2049 ἐργαζόμενον
1200 2004 1285 2049 πρὸς
1307 2005 1365 2041 τὰς
1388 2006 1480 2042 ἰδίας
1502 2006 1588 2038 α’πο-

166 2060 309 2099 βλέπον;
332 2065 364 2092 et
385 2062 467 2093 Plat.
492 2063 575 2093 Tim.
599 2072 628 2103 p.
643 2062 735 2094 280:
759 2058 837 2093 τόδε
860 2057 894 2092 δ’
923 2055 985 2092 οὖν
1009 2057 1112 2092 πάλιν
1133 2060 1356 2093 ἐπισκεπτέον
1373 2062 1450 2101 περὶ
1473 2058 1589 2099 αὐτοῦ,

169 2111 254 2175 πρὸς
286 2110 431 2155 πότερον
466 2115 533 2147 τῶν
571 2112 860 2157 παραδειγμάτων
892 2111 909 2145 ὁ
938 2111 1195 2156 τεκταινόμενος
1225 2112 1330 2147 αὐτὸν
1359 2111 1588 2156 ἀπειργάζετο,

167 2164 312 2210 πότερον
335 2165 419 2210 πρὸς
440 2168 477 2200 τὸ
502 2167 587 2201 κατὰ
610 2166 713 2200 ταύτὰ
737 2169 794 2200 καὶ
817 2165 971 2203 ὠςαύτως
994 2167 1074 2208 ἕχον
1096 2164 1116 2207 ἢ
1140 2166 1226 2210 πρὸς
1248 2167 1284 2200 τὸ
1301 2166 1450 2210 γεγονός
1474 2169 1504 2200 εἰ
1523 2168 1588 2210 μὲν

168 2218 209 2260 δὴ
239 2218 340 2256 καλός
367 2220 458 2254 ἔστιν
488 2219 545 2253 οδε
569 2219 586 2253 ὁ
611 2219 739 2264 κόσμος
767 2218 787 2253 ὅ
809 2231 843 2253 τε
867 2219 1075 2262 δημιουργὸς
1104 2219 1252 2262 ἀγαθός,
1283 2222 1403 2262 δῆλον,
1434 2219 1476 2257 ὠς
1505 2219 1590 2262 πρὸς

166 2271 203 2305 τὸ
229 2271 344 2307 ἀΐδιον
367 2273 516 2314 ἔβλεπεν.
1302 2292 1309 2299 =

257 2328 281 2367 ²)
303 2329 448 2370 Respicit
469 2329 565 2359 homo
588 2327 701 2359 doctus
725 2328 807 2361 Plat.
830 2328 915 2359 Tim.
945 2338 976 2367 p.
992 2329 1088 2359 501).
1123 2330 1180 2359 καὶ
1208 2327 1249 2368 δὴ
1277 2329 1335 2360 καὶ
1363 2325 1585 2369 προσεικάσαι

166 2382 288 2422 πρέπει
310 2379 346 2413 τὸ
369 2381 435 2424 μὲν
459 2379 646 2425 δεχόμενον
666 2382 779 2424 μητρί,
802 2379 838 2413 τὸ
863 2380 899 2412 δ’
924 2378 1007 2414 ὅθεν
1032 2384 1146 2424 πατρί,
1170 2380 1229 2423 τὴν
1252 2381 1289 2414 δὲ
1312 2380 1436 2425 μεταξὺ
1460 2378 1586 2413 τούτων

168 2433 273 2477 φύσιν
296 2433 436 2477 ἐκγόνῳ.
482 2436 568 2474 Quid
591 2439 698 2467 autem
721 2436 764 2466 sit
786 2433 822 2466 τὸ
845 2432 939 2475 ὅθεν,
963 2437 1043 2466 satis
1067 2438 1249 2477 explicatur
1270 2437 1377 2467 verbis
1401 2435 1588 2466 anteceden-

167 2489 272 2521 tibus:
297 2488 334 2521 ἐν
356 2486 390 2520 ‹5’
416 2484 478 2521 οὖν
500 2489 546 2529 τῷ
570 2486 712 2532 παρόντι
732 2485 799 2529 χρὴ
826 2488 906 2528 γένη
937 2487 1164 2529 διανοηθῆναι
1185 2486 1307 2532 ventui,
1331 2486 1367 2520 τὸ
1390 2488 1456 2530 μὲν
1471 2486 1589 2530 γιγνό-

164 2553 282 2586 μενον,
306 2541 343 2575 τὸ
368 2540 402 2574 δ’
428 2541 465 2575 ἐν
489 2534 515 2583 ᾧ
537 2544 702 2584 γίγνεται,
730 2539 767 2573 τὸ
792 2538 826 2572 δ’
854 2538 936 2574 ὅθεν
960 2540 1244 2585 ἀφομοιούμενον
1267 2539 1386 2584 φύεται
1409 2539 1445 2572 τὸ
1469 2539 1589 2582 γιγνό-

165 2605 281 2637 μενον.
308 2597 447 2637 Egregie
464 2597 566 2637 igitur
580 2596 706 2628 fallitur
720 2595 895 2634 Cousinus,
915 2595 1002 2636 quod
1022 2596 1083 2627 illa
1097 2596 1234 2627 formula
1250 2605 1379 2626 causam
1397 2595 1588 2626 efficientem

167 2650 345 2690 significari
369 2651 529 2691 opinatur,
552 2660 624 2682 cum
648 2650 867 2691 intellegenda
889 2650 933 2680 sit
956 2659 1056 2681 causa
1078 2651 1222 2682 formalis
1246 2652 1316 2681 sive
1339 2650 1420 2683 idea.

1288 2707 1340 2746 7*
