1837 3017
760 171 1012 211 -45-

181 275 231 315 ab
256 275 470 317 Aristotele
497 276 606 317 iuxta
634 281 841 331 ponantur,
870 281 1000 315 tamen
1029 281 1168 315 natura
1196 280 1235 314 et
1262 273 1394 313 indole
1421 275 1593 315 maximo

181 356 302 397 opere
329 343 432 385 inter
459 359 501 385 se
529 344 727 385 differunt.
784 343 887 383 Nam
920 341 1009 381 finis
1037 342 1192 395 quidem
1222 347 1281 381 est
1310 354 1428 393 causa
1455 342 1594 394 prima-

179 411 249 462 ria,
278 417 415 452 contra
443 427 543 466 quae
571 427 635 452 res
662 411 908 453 necessitatis
935 410 1064 449 locum
1092 409 1280 461 obtinent,
1308 424 1397 450 cum
1418 424 1497 449 non
1518 411 1594 451 sint

179 478 254 519 nisi
274 485 318 519 ut
338 480 425 520 finis
453 494 539 520 esse
568 481 703 535 possit,
731 491 874 520 causae
902 483 994 518 sunt
1014 477 1268 517 secundariae
1283 478 1321 528 ¹).
1358 477 1594 518 Necessaria

179 547 301 601 igitur
327 563 405 588 non
434 555 524 588 sunt
550 563 621 602 per
650 562 711 597 se,
748 546 818 587 sed
846 552 1010 600 propter
1036 545 1174 594 finem,
1209 561 1325 599 quam
1354 546 1404 585 ob
1435 560 1593 586 oausam

180 613 387 669 Stagirites
422 629 470 655 ea
503 621 619 656 vocat
661 612 861 670 ἀναγκαῖα
901 612 947 659 ἐξ
983 608 1229 661 ὑποθέσεως
1239 612 1282 666 ²).
1346 613 1592 668 Hypothesis

180 682 283 722 enim
312 689 371 722 est
398 683 497 732 finis,
527 685 592 735 qui
620 690 664 723 ut
691 684 930 736 perficiatur,
959 682 1213 734 requiruntur
1240 682 1335 730 alia3
1369 682 1500 734 itaque
1527 696 1593 721 ne-

180 749 349 789 cessaria
387 749 483 789 haee
521 756 610 791 sunt
650 764 699 790 ex
733 750 955 804 hypothesi.
1012 748 1140 798 Quam
1181 761 1315 787 vocem
1354 747 1592 788 Trendelen-

178 816 316 869 burgio
346 816 579 855 assentimur
605 817 767 869 petitam
798 830 883 856 esse
911 830 961 856 ex
990 816 1138 869 analysi
1167 815 1464 868 geometriea').
1515 817 1593 855 Ita—

178 895 254 936 que
281 878 433 923 tantum
463 883 591 933 abest,
624 889 667 923 ut
695 884 793 923 haee
819 884 1031 924 necessitas
1059 897 1082 921 a
1109 883 1187 922 fine
1216 882 1341 921 aliena
1371 884 1437 934 sit,
1475 891 1517 923 ut
1545 899 1590 924 eo

180 950 439 990 constituatur
478 956 596 1004 atque
639 965 689 990 ex
728 951 865 990 intima
907 966 1047 991 causae
1094 950 1222 990 finalis
1263 957 1404 990 natura
1446 959 1591 992 manet.

179 1016 292 1065 Quae
320 1023 450 1057 autem
478 1018 545 1057 tali
573 1017 689 1058 modo
719 1025 808 1058 sunt
834 1018 1073 1069 necessaria,
1103 1031 1235 1057 eorum
1266 1018 1431 1072 primum
1460 1018 1590 1059 locum

178 1089 288 1123 tenet
315 1085 491 1124 materia.
547 1085 663 1133 Quod
691 1091 734 1125 ut
762 1086 1093 1135 demonstremus,
1128 1091 1284 1124 utamur
1319 1086 1502 1139 exemplo
1540 1087 1590 1125 ab

180 1151 393 1192 Aristotele
420 1152 506 1206 ipso
534 1153 698 1206 prolato.
752 1153 810 1194 Ut
836 1153 944 1206 ligna
971 1153 1220 1202 dissecemus,
1250 1167 1349 1206 opus
1379 1160 1438 1193 est
1465 1168 1593 1206 serra3

179 1219 248 1259 sed
275 1221 373 1259 haec
401 1234 486 1260 esse
514 1234 592 1259 non
619 1226 748 1273 potest
775 1221 858 1260 sine
885 1220 1068 1270 materia3
1095 1220 1228 1273 itaque
1257 1227 1346 1259 ante
1375 1221 1506 1261 omnia
1533 1235 1589 1260 re-

179 1287 345 1341 quiritur
372 1288 546 1327 materia.
602 1287 681 1328 Sed
719 1288 895 1327 minimef
915 1287 1123 1327 cuiuslibet
1157 1288 1313 1340 generis
1349 1289 1512 1328 materia
1540 1288 1590 1328 ad

181 1354 429 1394 efficiendum
455 1354 572 1394 finem
600 1368 717 1409 quem
746 1355 1017 1408 proposuimus
1044 1354 1186 1394 idonea
1214 1361 1283 1395 est.
1329 1356 1434 1396 Nam
1455 1369 1477 1395 e
1501 1357 1590 1396 lana

176 1435 254 1461 non
283 1435 490 1475 possumus
510 1422 641 1461 facere
662 1436 823 1461 serram.
863 1422 1005 1474 Itaque
1034 1427 1142 1461 certo
1166 1427 1206 1461 et
1223 1423 1381 1475 proprio
1403 1424 1590 1464 materiae

178 1501 325 1541 genere
352 1501 612 1541 unaquaeque
648 1502 710 1528 res
738 1487 978 1541 perficienda
1003 1493 1074 1537 est,
1101 1488 1224 1528 veluti
1252 1502 1360 1528 serra
1386 1490 1592 1530 efficienda

179 1562 238 1595 est
270 1556 397 1595 ferrea
432 1562 499 1595 aut
533 1554 710 1607 aenea⁴).
767 1553 849 1595 Sed
883 1554 1000 1595 etiam
1038 1560 1157 1609 atque
1184 1556 1302 1597 etiam
1330 1557 1589 1610 premendum

177 1739 208 1768 6.
232 1738 292 1768 743
309 1736 330 1768 b
349 1739 403 1767 16:
429 1732 541 1768 πάντα
566 1734 604 1767 δὲ
627 1735 743 1774 ταῦτα,
773 1732 930 1778 καθάπερ
953 1736 1106 1777 εἴπομεν,
1129 1737 1264 1768 λεκτέον
1285 1738 1442 1778 γίνεσθαι
1465 1738 1504 1781 τῇ
1524 1738 1591 1781 μὲν

176 1789 211 1826 ἐξ
234 1787 381 1832 ἀνάγκης
403 1791 442 1833 τῇ
466 1787 500 1821 δ’
527 1788 589 1821 οὐκ
613 1789 648 1825 ἐξ
672 1786 822 1830 ἀνάγκης
844 1787 919 1820 ἀλλ’
945 1787 1041 1821 ἕνεκά
1065 1800 1163 1824 τινος.
1218 1825 1221 1830 ,

271 1844 291 1884 ¹)
313 1844 388 1877 Met.
413 1845 460 1883 A,
486 1848 514 1875 5.
538 1844 599 1875 in.:
622 1839 827 1885 Ἀναγκαῖον
846 1844 993 1886 λέγεται,
1023 1836 1064 1876 οὗ
1085 1838 1165 1876 ἄνευ
1189 1841 1251 1876 οὐκ
1274 1843 1445 1886 ἐνδέχεται
1469 1845 1525 1885 ζῆν
1548 1843 1592 1887 ὥς

178 1899 363 1931 συναιτίου.
406 1899 456 1929 De
478 1899 575 1929 anim.
603 1899 650 1936 11,
680 1901 709 1929 4.
740 1900 889 1930 416129:
919 1897 1017 1930 δοκεῖ
1040 1897 1081 1930 δέ
1105 1906 1192 1929 τισιν
1218 1894 1238 1937 ἡ
1266 1898 1326 1929 τοῦ
1352 1897 1459 1942 πυρὸς
1489 1898 1593 1942 φύσις

178 1950 292 1987 ἁπλῶς
314 1953 403 1983 αἰτία
425 1951 481 1991 τῆς
501 1952 630 1994 τροφῆς
651 1952 708 1982 καὶ
730 1952 786 1991 τῆς
808 1948 978 1991 αὐξήσεως
1000 1951 1086 1984 εἶναι
1089 1973 1259 1984 ......
1282 1951 1319 1982 τὸ
1352 1952 1391 1984 δὲ
1421 1956 1592 1986 συναίτιον

176 2007 241 2049 μέν
263 2002 334 2040 πώς
355 2004 457 2046 ἐστιν,
480 2003 519 2036 οὐ
541 2003 610 2048 μὴν
633 2002 747 2041 ἁπλῶς
768 2015 807 2047 γε
831 2007 949 2044 αἴτιον,
973 2004 1057 2035 ἀλλὰ
1078 2005 1211 2047 μᾶλλον
1233 2003 1252 2045 ἡ
1276 2004 1380 2047 ψυχή.

267 2061 289 2099 ’)
315 2060 362 2091 De
383 2064 463 2100 part.
489 2070 538 2090 an.
562 2060 589 2099 Ι,
616 2063 643 2090 1.
668 2062 728 2091 642
746 2071 765 2092 a
783 2062 818 2090 1:
850 2059 936 2091 εἰσὶν
965 2054 1031 2101 ἄρα
1063 2056 1118 2089 δύ’
1149 2060 1254 2090 αἰτίαι
1277 2051 1394 2098 αὗται,
1425 2059 1462 2092 τό
1484 2060 1526 2093 θ’
1552 2054 1592 2093 οὗ

177 2113 274 2145 ἕνεκα
298 2113 354 2144 καὶ
376 2112 412 2144 τὸ
439 2112 474 2149 ἐξ
499 2110 658 2154 ἀνάγκης·
681 2111 790 2143 πολλὰ
812 2111 880 2154 γὰρ
902 2114 1046 2154 γίνεται,
1069 2109 1120 2143 ὅτι
1142 2109 1284 2153 ἀνάγκη.
1313 2115 1392 2149 ἴσως
1413 2111 1448 2144 ‹5'
1474 2110 1517 2146 ἰέν
1545 2127 1592 2150 τις

175 2163 358 2210 ἀπορήσειε
380 2168 483 2199 ποίαν
505 2167 664 2208 λέγουσιν
686 2164 839 2208 ἀνάγκην
863 2164 896 2197 οἱ
917 2166 1068 2207 λέγοντες
1090 2164 1126 2202 ἐξ
1148 2164 1313 2209 ἀνάγκης·
1343 2168 1409 2200 τιῦν
1436 2167 1502 2211 μὲν
1524 2168 1591 2212 γὰρ

176 2218 239 2253 δύο
261 2217 398 2264 τρόπων
420 2218 597 2261 οὐδέτερον
628 2214 701 2250 οἷόν
729 2229 763 2250 τε
792 2217 967 2261 ὑπάρχειν,
996 2220 1063 2251 τῶν
1087 2219 1321 2262 διωρισμένων
1349 2221 1386 2253 ἐν
1414 2225 1483 2257 τοῖς
1504 2223 1590 2254 κατὰ

177 2276 398 2318 φιλοσοφίαν.
429 2272 499 2305 ἔστι
515 2262 559 2303 ’δ’
585 2272 622 2305 ἔν
649 2283 688 2314 γε
710 2275 779 2308 τοῖς
806 2272 922 2315 ἔχουσι
952 2273 1086 2315 γένεσιν
1108 2272 1127 2314 ἡ
1149 2276 1251 2316 τρίτη·
1275 2275 1420 2317 λέγομεν
1442 2274 1508 2318 γὰρ
1531 2276 1590 2314 τὴν

176 2327 307 2372 τροφὴν
337 2324 524 2369 ἀναγκαῖόν
554 2338 585 2358 τι
611 2324 685 2358 κατ’
716 2324 893 2369 οὐδέτερον
920 2324 1048 2360 τούτων
1076 2328 1142 2361 τῶν
1169 2325 1316 2369 τρόπων,
1346 2326 1422 2360 ἀλλ’
1448 2327 1499 2362 ὅτι
1527 2328 1590 2371 οὐχ

178 2378 252 2415 οἷόν
280 2380 312 2414 τ’
341 2376 422 2413 ἄνευ
448 2378 567 2419 ταύτης
593 2379 691 2413 εἶναι.
724 2380 820 2412 τοῦτο
851 2378 886 2411 ‹5'
919 2379 1011 2414 ἐστὶν
1040 2380 1153 2423 ὥσπερ
1189 2381 1224 2417 ἐξ
1251 2379 1456 2431 ιζποθέσεως.
1501 2384 1534 2422 1,
1559 2388 1588 2415 1.

178 2439 240 2470 639
254 2435 276 2467 b
292 2438 329 2467 21
340 2445 409 2476 sqq.

264 2488 289 2529 ³)
310 2489 391 2530 Log.
414 2489 541 2521 Unters.
564 2489 608 2528 ΙΙ,
631 2499 661 2530 p.
680 2491 718 2521 35
730 2498 776 2529 sq.

264 2543 290 2583 ⁴)
314 2544 362 2575 De
384 2543 480 2574 anim.
512 2543 536 2581 1,
570 2546 596 2576 l.
625 2546 687 2575 403
704 2543 724 2574 b
741 2546 774 2574 2:
805 2540 822 2573 ὁ
852 2542 918 2585 μὲν
945 2543 1013 2585 γὰρ
1044 2542 1144 2586 λόγος
1170 2542 1266 2579 εἶδος
1286 2545 1346 2576 τοῦ
1378 2544 1589 2588 πράγματος,

177 2595 309 2640 ἀνάγκη
338 2594 371 2627 δ’
404 2595 489 2628 εἶναι.
516 2596 636 2628 τοῦτον
665 2595 701 2628 ἐν
729 2593 790 2639 ὕλῃ
820 2595 948 2637 τοιᾳδί,
979 2599 1009 2628 εἰ
1039 2598 1140 2630 ἔσται.
1184 2597 1281 2637 Phys.
1305 2598 1353 2637 ΙΙ,
1384 2602 1412 2632 2.
1430 2601 1536 2632 -194b
1555 2604 1589 2635 9:

178 2647 267 2694 ἄλλῳ
289 2649 355 2695 γὰρ
378 2648 458 2683 εἴδει
482 2646 564 2692 ἄλλη
587 2647 659 2692 ὕλη.
696 2652 743 2683 De
759 2654 837 2693 part.
855 2661 906 2683 an.
922 2651 948 2692 1,
969 2654 994 2683 1.
1013 2654 1074 2685 642
1091 2662 1110 2685 s
1124 2654 1161 2686 9:
1184 2651 1282 2685 τοῦτο
1306 2650 1339 2684 δ’
1358 2651 1448 2687 ἐστὶν
1472 2652 1587 2700 ὥσπερ
