1837 3017
787 223 835 231 ...
887 200 939 239 53
995 224 1040 231 ..

207 320 297 347 eum
325 305 580 355 Anaxagora.
637 304 676 342 Ie
705 303 807 342 enim
835 309 875 342 et
901 304 986 356 ipse
1018 312 1188 346 mentem
1222 320 1354 346 rerum
1384 306 1615 359 principium

205 384 292 413 esse
319 370 508 420 voluerat,
537 374 712 410 attamen
740 369 780 409 in
807 368 970 422 singulis
998 371 1114 411 rebus
1141 372 1386 426 explicandis
1413 372 1497 426 ipse
1525 386 1548 412 a
1574 387 1617 413 se

206 438 436 480 desciverat.
488 437 595 477 Nam
622 436 839 488 principem
866 437 996 478 locum
1023 439 1062 478 in
1090 440 1136 479 iis
1163 441 1357 481 tribuerat
1378 441 1505 481 causis
1533 454 1615 479 cae-

205 505 260 547 cis
284 519 332 545 ae
358 503 609 554 mechanicis,
638 509 756 557 atque
775 502 806 542 si
827 503 936 543 cuius
955 503 1013 544 rei
1031 511 1210 546 naturam
1237 522 1287 547 ex
1306 508 1366 548 his
1384 507 1616 559 intellegere

204 586 283 613 non
311 577 505 625 potuerat,
532 577 614 611 tum
643 570 800 610 demum
828 569 867 610 in
896 572 1082 611 auxilium
1109 582 1318 614 vocaverat
1345 581 1516 615 mentem
1532 575 1576 625 ¹).

309 637 389 678 Sed
415 637 494 677 iam
521 637 634 677 nobis
666 636 911 676 redeundum
948 643 1008 676 est
1040 637 1089 676 ad
1118 638 1380 681 Aristotelem.
1433 641 1614 681 Vidimus

203 713 334 747 autem
368 705 593 759 primariam
629 706 665 744 ei
701 718 788 744 esee
822 719 979 743 causam
1015 705 1169 744 finalem
1206 721 1254 746 ex
1289 722 1413 760 eaque
1448 709 1614 747 necessi-

202 778 324 814 tatem
359 786 446 813 esse
480 777 625 826 aptam.
680 772 736 812 At
768 785 846 812 non
875 769 1007 811 omnia¹
1041 771 1202 812 alieuius
1230 772 1285 813 rei
1314 788 1432 815 causa
1457 780 1523 815 aut
1550 788 1614 815 ne·

203 842 373 881 cessario
410 840 615 889 eveniunt,
660 840 780 880 immo
813 845 922 888 sunt,
967 853 1068 892 quae
1103 853 1194 879 casu
1229 854 1274 879 ac
1313 841 1471 881 fortuito
1504 842 1610 882 fiant.

204 907 399 957 Quocirca
425 921 528 961 quae
555 907 656 948 ratio
685 908 791 947 casui
811 912 851 946 et
868 906 959 946 forti
989 921 1077 946 eum
1101 922 1219 947 causa
1237 907 1340 947 finali
1362 923 1447 949 esse
1466 910 1611 949 Aristo-

201 975 269 1016 teli
300 974 490 1025 videatur,
518 974 595 1015 iam
622 974 736 1014 nobis
764 973 1091 1014 considerandum
1119 980 1189 1014 est.
1233 974 1313 1015 Ubi
1342 976 1436 1029 quid
1465 990 1612 1027 eorum,

202 1043 273 1093 ait,
307 1056 409 1097 quae
435 1055 507 1096 per
535 1056 694 1083 causam
723 1042 825 1082 effici
854 1043 980 1083 solent
1008 1041 1185 1090 finalem,
1221 1043 1381 1094 accidit,
1410 1059 1497 1084 cum
1525 1058 1613 1084 con-

201 1108 288 1148 silio
315 1109 479 1161 petitum
514 1122 591 1148 non
619 1109 687 1158 sit,
722 1109 761 1148 id
794 1108 878 1148 fieri
914 1108 1076 1148 dicimus
1114 1123 1206 1148 casu
1242 1116 1279 1148 et
1315 1111 1493 1161 fortuit03
1527 1111 1611 1149 sive

200 1174 268 1215 uhi
294 1174 440 1230 aliquid
477 1175 581 1229 quod
609 1176 696 1216 finis
724 1190 809 1216 esse
836 1182 966 1230 potest
993 1183 1060 1216 aut
1087 1176 1204 1215 debet
1238 1177 1281 1216 fit
1313 1192 1384 1230 per
1417 1177 1609 1227 accidens,

150 1298 156 1305 .
201 1241 239 1284 h.
260 1254 294 1280 e.
325 1242 416 1282 dum
446 1242 550 1283 aliud
579 1242 674 1296 quid
702 1243 912 1296 appetitur,
946 1243 1073 1298 ipsum
1107 1244 1252 1293 minus,
1286 1243 1325 1282 id
1362 1244 1484 1284 oritur
1518 1259 1608 1284 casu

201 1322 252 1360 ae·
275 1309 435 1349 fortuito
446 1310 491 1362 ¹).
548 1310 663 1358 Quod
692 1316 735 1350 ut
760 1310 931 1363 apertius
960 1311 1029 1360 sit,
1059 1317 1214 1349 utamur
1241 1312 1432 1364 exemplo.
1489 1311 1610 1351 Venit

292 1481 316 1522 ¹)
338 1482 414 1513 Met.
438 1484 486 1522 A,
510 1486 539 1516 4.
564 1485 625 1514 985
642 1493 662 1513 α
679 1486 734 1514 18;
765 1480 991 1526 Ἀναξαγόρας
1019 1492 1053 1513 τε
1084 1481 1151 1524 γὰρ
1180 1484 1316 1525 μηχανῇ
1339 1483 1459 1524 χρῆται
1488 1484 1533 1524 τῷ
1560 1486 1608 1525 νῷ

199 1533 285 1575 πρὸς
310 1532 371 1575 τὴν
406 1539 652 1578 κοσμοποιίαν,
690 1536 747 1567 καὶ
783 1532 865 1568 ὅταν
903 1533 1058 1578 ἀπορήσῃ
1089 1534 1145 1567 διὰ
1174 1533 1237 1568 τίν’
1272 1538 1384 1568 αἰτίαν
1406 1535 1441 1571 ἐξ
1463 1534 1612 1578 ἀνάγκης

199 1586 287 1628 ἔστί,
318 1585 389 1620 τότε
413 1590 572 1632 παρέλκει
595 1586 715 1627 αὐτόν,
747 1588 783 1621 ἐν
806 1588 844 1621 δὲ
867 1592 936 1624 τοῖς
958 1583 1071 1624 ἄλλοις
1092 1586 1203 1621 πάντα
1225 1589 1357 1632 μᾶλλον
1380 1589 1524 1621 αἰτιᾶται
1545 1590 1612 1622 τῶν

199 1644 414 1686 γιγνομένων
436 1640 455 1683 ἢ
478 1643 573 1676 νοῦν.
617 1644 698 1675 Pht.
722 1644 885 1677 Phaedon.
909 1644 997 1675 9813:
1028 1640 1096 1674 ἀπὸ
1127 1641 1167 1683 δὴ
1200 1644 1410 1687 θαυμαστῆς,
1440 1639 1466 1674 ὦ
1490 1642 1611 1687 ἑταῖρε,

197 1694 335 1730 ἐλπίδος
362 1693 500 1738 ᾠχόμην
529 1695 730 1738 φερόμενος,
759 1696 875 1738 ἐπειδὴ
903 1697 1026 1737 προϊὸν
1049 1696 1106 1726 καὶ
1128 1694 1395 1737 ἀναγιγνώσκων
1415 1695 1485 1737 ὁρῶ
1501 1692 1611 1737 ἄνδρα

198 1748 244 1788 τῷ
264 1748 330 1791 μὲν
351 1750 400 1790 νῷ
423 1747 525 1782 οὐδὲν
543 1748 735 1794 χρώμενον,
765 1747 848 1783 οὐδέ
873 1760 964 1785 τινας
994 1750 1102 1784 αἰτίας
1129 1746 1372 1791 ἔπαιτιώμενον
1399 1751 1444 1785 εἰς
1471 1747 1508 1781 τὸ
1537 1749 1608 1781 δια-

199 1804 341 1844 κοσμεῖν
362 1801 402 1834 τὰ
425 1800 627 1847 πράγματα,
654 1802 755 1846 ἀέρας
782 1804 820 1836 δὲ
851 1805 908 1835 καὶ
938 1803 1076 1844 αἰθέρας
1106 1803 1162 1833 καὶ
1191 1799 1296 1834 ὕδατα
1328 1801 1527 1845 αἰτιώμενον
1550 1805 1608 1834 καὶ

199 1851 284 1887 ι’ίλλα
308 1855 417 1888 πολλὰ
440 1857 497 1888 καὶ
520 1853 641 1889 ἄτοπα.
665 1859 726 1889 καί
744 1868 805 1900 μοι
829 1857 944 1893 ἔδοξεν
966 1853 1167 1898 ὁμοιότατον
1183 1858 1404 1894 πεπονθέναι,
1427 1854 1547 1897 ὥσπερ,
1566 1854 1608 1889 ἂν

199 1910 232 1941 εἴ
256 1920 303 1944 τις
331 1910 456 1952 λέγων,
485 1908 534 1942 ὅτι
557 1908 741 1952 Σωκράτης
768 1908 898 1949 πάντα,
928 1907 992 1942 ὅσα
1024 1907 1176 1952 πράττει,
1207 1910 1254 1950 νῷ
1282 1907 1436 1951 πράττει,
1466 1906 1607 1942 κᾶπειτα

198 1960 413 2007 ἐπιχειρήσας
435 1964 544 2006 λέγειν
566 1962 625 2000 τὰς
647 1966 754 2000 αἰτίας
776 1962 928 1997 ἑκάστων
950 1956 997 1997 ὧν
1020 1961 1164 2006 πράττω,
1188 1964 1280 2005 λέγοι.
1304 1963 1437 2005 πρῶτον
1458 1965 1535 2006 μέν,
1559 1961 1609 1996 ὅτι

200 2015 256 2048 διὰ
279 2018 383 2049 ταῦτα
405 2019 469 2051 νῦν
492 2016 617 2050 ἐνθάδε
639 2016 804 2061 κάθημαι,
828 2016 878 2050 ὅτι
901 2015 1071 2059 ξύγκειταί
1088 2028 1156 2059 μου
1178 2016 1214 2048 τὸ
1240 2018 1340 2060 σῶμα
1365 2017 1399 2052 ἐξ
1421 2015 1530 2049 ὀστῶν
1552 2019 1608 2049 καὶ

197 2068 338 2113 νεύρων,
362 2073 421 2104 καὶ
441 2070 481 2104 τὰ
502 2070 569 2114 μὲν
591 2070 675 2104 ὀστᾶ
698 2070 767 2104 ἐστὶ
789 2069 905 2113 στερεὰ
926 2071 982 2102 καὶ
998 2068 1147 2112 διαφυὰς
1162 2069 1227 2111 ἔχει
1240 2071 1345 2113 χωρὶς
1361 2069 1423 2102 ἀπ’
1442 2068 1605 2111 ἀλλήλων,

198 2123 238 2156 τὰ
260 2124 299 2157 δὲ
321 2126 423 2167 νεῦρα
447 2121 502 2157 οἶα
525 2125 750 2158 ἐπιτείνεσθαι
774 2126 830 2156 καὶ
853 2123 1022 2162 ἀνίεσθαι,
1051 2126 1328 2167 περιαμπέχοιτα
1356 2124 1395 2156 τὰ
1419 2123 1502 2156 ὀστᾶ
1523 2123 1606 2167 μετὰ

198 2179 264 2211 τῶν
287 2180 422 2221 σαρκῶν
445 2180 502 2210 καὶ
526 2178 706 2221 δέρματος,
737 2175 757 2210 δ’
785 2178 912 2218 ξυνέχει
942 2174 1038 2209 αὑτά·
1063 2179 1306 2220 αἰωρουμένων
1329 2174 1389 2210 οὖν
1411 2178 1476 2210 τῶν
1498 2175 1606 2210 ὀστῶν

197 2231 235 2265 ἐν
255 2235 328 2269 ταῖς
350 2230 459 2265 αὐτῶν
481 2233 661 2275 ξυμβολαῖς
685 2232 842 2273 χαλῶντα
871 2232 928 2262 καὶ
956 2231 1169 2266 ξυντείνοντα
1197 2231 1237 2263 τὰ
1266 2233 1367 2272 νεῦρα
1391 2229 1609 2274 κάμπτεσθαί

199 2296 268 2318 που
290 2289 383 2318 ποιεῖ
403 2282 476 2318 οἶόν
498 2285 526 2316 τ’
551 2285 637 2317 εἰναι
661 2285 720 2328 ἐμὲ
743 2285 805 2317 νῦν
826 2283 866 2316 τὰ
887 2285 982 2326 μέλη,
1013 2287 1071 2316 καὶ
1095 2285 1151 2317 διὰ
1174 2283 1296 2323 ταύτην
1320 2286 1431 2316 αἰτίαν
1453 2286 1603 2327 ξυγκαμ-

200 2340 299 2381 φθεὶς
322 2337 448 2383 ἐνθάδει
469 2337 631 2382 κάθημαι.
676 2340 776 2380 Legg.
799 2339 873 2377 XII,
898 2339 1074 2380 96⁷Asqq.

291 2394 313 2433 ¹)
336 2394 434 2434 Phys.
459 2394 502 2432 11,
527 2398 554 2425 5.
582 2393 676 2426 196b
693 2396 748 2424 21:
779 2392 847 2424 ἔστι
877 2389 911 2423 δ’
936 2391 1034 2425 ἕνεκά
1063 2404 1121 2424 του
1153 2389 1217 2424 ὅσα
1240 2401 1273 2422 τε
1296 2388 1364 2422 ἀπὸ
1389 2390 1541 2426 διανοίας
1562 2389 1605 2424 ἂν

199 2447 368 2489 πραχθείη
390 2447 447 2478 καὶ
470 2444 535 2479 ὅσα
558 2444 626 2478 ἀπὸ
650 2443 794 2489 φύσεως.
820 2442 859 2477 τὰ
884 2443 925 2486 δὴ
948 2447 1085 2478 τοιαῦτα
1108 2443 1190 2478 ὅταν
1212 2441 1296 2475 κατὰ
1320 2443 1525 2487 συμβεβηκὸς
1546 2446 1605 2486 γέ-

199 2512 306 2542 νηται,
329 2497 396 2533 ἀπὸ
421 2498 520 2542 τύχης
542 2501 660 2544 φαμὲν
682 2500 776 2533 εἰναι.
823 2503 881 2531 197
899 2510 919 2531 a
935 2502 991 2532 32:
1020 2500 1090 2533 ἔστι
1110 2498 1175 2543 μὲν
1198 2493 1258 2530 οὖν
1280 2493 1386 2540 ἄμφω
1409 2501 1513 2537 αἴτια,
1544 2510 1606 2531 κα-

198 2552 310 2595 θάπερ
333 2555 468 2594 εἴρηται,
492 2553 575 2586 κατὰ
599 2552 815 2598 συμβεβηκός,
839 2553 897 2583 καὶ
911 2550 931 2592 ἡ
946 2552 1028 2594 τύχη
1051 2554 1108 2584 καὶ
1133 2550 1169 2583 τὸ
1193 2549 1393 2592 αὐτόματον,
1416 2551 1453 2583 ἐν
1468 2554 1537 2586 τοῖς
1553 2552 1607 2585 ἐν-

199 2606 394 2652 δεχομένως
414 2608 592 2650 γίγνεσθαι
614 2607 663 2652 μὴ
685 2605 798 2643 ἁπλῶς
818 2605 890 2650 μηδ
895 2603 903 2616 ‘
929 2604 972 2644 ὥς
994 2606 1049 2640 ἐπὶ
1072 2604 1107 2639 τὸ
1132 2603 1230 2647 πολύ,
1257 2605 1315 2637 καὶ
1336 2602 1462 2639 τούτων
1485 2602 1538 2639 ὅσ’
1564 2603 1606 2640 ἂν

199 2662 330 2702 γένοιτο
354 2659 451 2695 ἕνεκά
472 2672 543 2693 του.
