1837 3017
810 175 1088 216 —115—

349 278 386 317 E
420 278 561 331 quibus
603 281 771 318 maxime
813 279 1139 318 considerandum
1185 285 1225 318 et
1257 277 1561 318 examinandum
1595 285 1656 318 eat

245 345 509 384 enunciatnm:
538 344 630 385 ἐπεὶ
657 346 725 386 καὶ
749 343 772 400 ἦ
792 342 917 399 vidam)
938 346 1118 399 ἐνέργεια
1134 343 1294 386 τούτου.
1333 345 1449 394 Quae
1476 345 1652 385 codicum

243 411 363 451 verba
381 411 413 450 ai
433 411 656 460 retinemus,
683 412 722 452 id
747 412 853 466 quod
872 412 1118 460 Brundisina,
1133 413 1350 463 Bekkerus,
1377 411 1656 464 Schweglerns

242 480 438 528 fecerunt,
480 479 765 530 argumentatio
805 486 866 518 est
902 480 1021 519 haee:
1060 480 1172 520 Deus
1211 494 1369 532 semper
1407 479 1531 519 utitur
1571 478 1653 517 vita

242 544 407 599 optima,
450 558 541 585 cnm
575 544 692 584 etiam
729 545 912 598 voluptas
955 552 1065 585 actus
1103 547 1186 601 eius
1223 547 1283 586 sit.
1339 546 1652 600 [Schweglerust

243 613 332 665 „Da
371 611 471 652 auch
506 612 576 652 das
609 612 854 665 Vergniigen
895 613 957 653 ein
999 614 1188 654 aetueller
1221 615 1395 654 Zustand
1439 614 1648 654 desselben

240 679 343 732 ist.“]
384 679 465 719 Sed
492 679 597 718 unde
615 679 759 718 scimus
779 679 1018 732 voluptatem
1048 694 1134 720 esse
1160 681 1328 720 numinis
1350 681 1468 720 divini
1487 680 1649 721 actum?

239 747 380 799 Itaque
408 746 602 785 sententia
626 746 734 798 prior
752 748 1028 799 comprobatur
1046 748 1180 794 altera,
1209 763 1309 801 quae
1329 756 1368 788 et
1385 749 1471 801 ipsa
1490 749 1648 788 demon·

238 812 398 853 stranda
425 818 496 851 est.
551 811 718 851 Accedit
743 813 847 866 quod
876 813 1073 867 quomodo
1100 814 1197 854 haee
1222 821 1261 855 et
1285 829 1332 854 ea
1351 828 1453 869 quae
1479 828 1647 869 sequun-

238 889 302 920 tur
334 882 436 919 inter
470 894 512 917 se
547 881 791 918 conectenda
827 881 904 918 sint
937 882 1044 919 nullo
1080 882 1195 919 modo
1224 882 1476 932 intellegitur.
1530 882 1646 929 Quae

238 947 341 987 enim
370 952 430 985 est
456 945 736 985 sententiarum
764 945 1014 985 cohaerentia
1041 947 1156 986 haec:
1195 948 1303 987 Deus
1338 961 1496 1000 semper
1521 949 1644 987 utitur

239 1014 319 1052 vita
346 1012 505 1066 optima,
534 1026 621 1051 cum
649 1012 763 1051 etiam
793 1013 972 1065 voluptas
999 1020 1110 1053 actus
1137 1014 1219 1053 eius
1239 1015 1306 1063 sit3
1335 1020 1453 1067 atque
1471 1014 1522 1054 ob
1541 1014 1643 1054 hanc

238 1094 394 1118 causam
431 1079 711 1131 expergefieri,
746 1079 968 1131 percipere,
1003 1079 1178 1131 cogitare
1204 1080 1526 1119 iucundissimum
1553 1081 1643 1119 est?
1680 1122 1683 1124 ,

238 1147 340 1187 Nam
369 1146 589 1199 expergisci
618 1153 657 1185 et
684 1145 889 1199 percipere
907 1160 1051 1185 numen
1077 1146 1250 1187 divinum
1271 1147 1376 1187 nullo
1395 1148 1512 1188 modo
1530 1148 1643 1188 attin-

237 1221 355 1266 gunt,
390 1226 518 1265 neque
551 1213 642 1251 inde
677 1212 781 1265 quod
809 1212 906 1251 deus
941 1226 1097 1266 semper
1123 1221 1255 1252 utatur
1281 1215 1483 1267 voluptate
1510 1228 1643 1253 conse-

236 1283 386 1336 quitur,
414 1287 457 1320 ut
484 1279 763 1332 expergefieri,
792 1279 1016 1332 percipere,
1045 1281 1220 1332 cogitare
1247 1281 1466 1320 hominibus
1493 1281 1642 1334 aliquid

234 1356 388 1401 gratum
424 1347 476 1385 sit
507 1360 554 1383 ac
587 1345 812 1384 iucundum.
868 1346 1008 1398 Itaque
1033 1346 1072 1384 in
1102 1347 1234 1385 verbis
1262 1347 1392 1399 qualia
1418 1354 1574 1386 exstant
1600 1347 1640 1386 in

234 1415 434 1455 codicibus
453 1412 703 1466 acquiescere
722 1426 799 1450 non
819 1427 1040 1464 possumus.
1083 1412 1232 1453 Contra
1246 1414 1474 1453 Alexander
1489 1415 1642 1467 Aphro-

234 1481 413 1522 disiensis
434 1487 473 1519 et
490 1478 729 1519 Themistius
755 1479 793 1517 in
822 1478 932 1517 libris
960 1479 1101 1531 quibus
1129 1480 1188 1519 usi
1217 1487 1307 1519 sunt
1333 1480 1516 1520 videntur
1533 1495 1642 1535 repe-

234 1550 348 1588 risse:
388 1547 479 1587 ἐπεὶ
512 1545 580 1585 καὶ
617 1543 741 1598 ἡδονὴ
779 1542 801 1598 ἡ
840 1544 1021 1597 ἐνέργεια
1054 1543 1214 1586 τούτου.
1270 1549 1403 1600 Atque
1445 1549 1562 1588 etiam
1600 1549 1639 1588 in

235 1617 270 1656 E
300 1616 436 1655 codice
473 1614 714 1667 adscriptum
749 1621 825 1652 est:
873 1612 918 1666 γρ
954 1613 1022 1653 καὶ
1058 1611 1182 1667 ἡδονὴ
1218 1611 1242 1668 ἡ
1278 1612 1472 1666 ἐνέργεια.
1529 1615 1641 1663 Quae

233 1683 369 1722 eadem
388 1683 572 1733 leguntur
591 1681 628 1720 in
650 1681 819 1720 editione
837 1680 979 1720 Aldina
1000 1688 1039 1721 et
1058 1682 1335 1735 Sylburgiana,
1362 1689 1401 1721 et
1426 1682 1575 1735 recepit
1593 1697 1640 1722 ea

233 1750 449 1789 Bonitzius.
503 1751 548 1789 In
579 1764 694 1802 quem
722 1750 881 1788 modum
909 1751 940 1787 si
967 1750 1091 1788 verba
1119 1750 1408 1798 constituimus,
1441 1751 1638 1789 sententia

231 1817 384 1857 exsistit
410 1816 527 1855 haec:
556 1817 666 1855 Deus
693 1815 775 1854 vita
802 1817 923 1854 utitur
949 1816 1107 1869 optima,
1135 1831 1221 1856 cum
1251 1816 1366 1855 etiam
1396 1816 1636 1870 voluptatem

230 1892 341 1923 actus
369 1884 451 1922 eius
481 1884 632 1922 afferat.
689 1882 769 1922 Sed
802 1889 886 1921 tum
921 1897 1078 1936 quoque
1110 1885 1399 1934 argumentatio
1433 1885 1636 1933 claudicat,

230 1965 318 1990 cum
348 1951 558 1989 sententia:
592 1956 721 1989 actum
758 1949 820 1988 dei
849 1949 965 1988 etiam
996 1950 1238 2003 voluptatem
1266 1952 1425 2000 afferre,
1461 1965 1537 1989 non
1566 1965 1637 2003 per

229 2033 270 2056 se
306 2017 356 2056 sit
391 2023 498 2055 certa
531 2031 576 2055 ac
609 2016 732 2055 firma.
788 2017 930 2068 Neque
968 2018 1160 2068 expositio
1189 2025 1280 2069 apte
1305 2017 1483 2069 procedit
1511 2017 1559 2055 ad
1589 2031 1636 2055 ea

229 2098 329 2137 quae
357 2083 664 2136 subsequuntur:
702 2081 811 2134 (ἐπεὶ
846 2081 914 2121 καὶ
947 2078 1071 2134 ἡδονή
1102 2079 1124 2136 ἡ
1155 2081 1335 2135 ἐνέργεια
1361 2081 1538 2135 τούτων)
1565 2082 1633 2123 καὶ

227 2151 299 2192 διὰ
331 2153 452 2191 τοῦτο
486 2148 720 2202 ἐγρήγορσις
753 2147 951 2201 αἴσθησις
988 2147 1126 2202 νόησις
1159 2149 1326 2203 ἥδιστον
1352 2152 1434 2190 κτλ.
1488 2150 1631 2203 „(Cum

229 2220 344 2260 etiam
371 2220 612 2271 voluptatem
641 2223 751 2256 actus
780 2216 861 2255 eius
888 2216 1064 2269 afferat);
1102 2224 1220 2271 atque
1253 2219 1302 2257 ob
1339 2219 1439 2257 hanc
1474 2231 1631 2257 cansam

227 2286 504 2342 expergefieri,
540 2285 761 2339 percipere,
808 2285 981 2337 cogitare
1022 2285 1340 2325 iucundissimum
1387 2286 1482 2326 est.“
1539 2286 1630 2326 Non

227 2356 328 2395 enim
348 2354 452 2403 licet,
480 2353 519 2392 id
539 2352 643 2406 quod
661 2353 757 2392 facit
776 2352 990 2401 Bonitzius,
1019 2351 1089 2392 διὰ
1108 2355 1228 2392 τοῦτο
1248 2353 1512 2406 interpretari:
1538 2354 1632 2406 quia

225 2419 249 2476 ἥ
289 2416 466 2473 ἐνέργειά
503 2419 611 2460 ἐστιν
645 2416 792 2473 ἡδονή,
829 2434 916 2459 cum
954 2420 1179 2459 antecedat:
1217 2418 1308 2460 ἐπεὶ
1340 2420 1408 2460 καὶ
1443 2417 1568 2473 ἡδονὴ
1603 2416 1627 2474 ἡ

225 2489 405 2541 ἐνέργεια
431 2486 589 2528 τούτου.
645 2487 725 2528 Sed
760 2487 963 2527 verissime
994 2488 1144 2527 monuit
1171 2489 1370 2527 Bonitzius
1407 2488 1478 2528 διὰ
1510 2491 1631 2527 τοῦτο

226 2556 467 2609 significare:
496 2555 588 2595 ἐπεὶ
614 2555 682 2594 καὶ
708 2551 833 2607 ἡδονὴ
860 2551 881 2606 ἡ
904 2554 1096 2606 ἐνέργεια.
1144 2556 1283 2608 Itaque
1302 2564 1466 2608 apparet
1484 2553 1651 2596 τούτου·

225 2625 449 2678 genetivum
480 2625 689 2665 delendum
719 2638 816 2663 esse.
858 2624 946 2672 Quo
967 2624 1070 2663 facto
1090 2623 1214 2663 omnis
1233 2623 1272 2663 in
1300 2625 1373 2663 hoe
1398 2625 1486 2664 loco
1514 2626 1637 2664 offen-

1328 2692 1387 2728 g*
