1837 3017
743 171 996 213 ...97-

154 271 259 317 wohl
286 272 528 328 annehmen,
557 276 793 318 Aristoteles
821 276 923 316 habe
954 299 1000 305 -—-
1028 276 1092 317 ein
1118 276 1331 318 Vorlfiufer
1359 273 1429 316 der
1455 270 1568 315 Leib-

153 344 372 385 nitzischen
405 344 717 386 Monadenl‘ehre
750 367 800 374 -
835 346 896 385 die
933 346 1271 397 Veranderungen
1305 345 1347 384 in
1387 343 1483 383 o'der
1518 357 1567 382 an

152 410 230 450 den
250 410 524 452 Einzelwesen
551 411 623 451 auf
637 409 1065 464 Selbstentwickelung
1092 411 1161 452 der
1187 412 1305 451 ihnen
1334 425 1383 450 zu
1403 409 1569 450 Grunde

151 478 361 530 liegenden
402 479 620 531 gottlichen
662 476 884 516 Gedanken
932 478 1013 516 und
1059 478 1124 516 die
1165 479 1447 528 Hemmungen
1488 475 1569 514 und

152 542 383 596 Stoi-angen
409 545 451 584 in
479 545 609 585 dieser
628 543 1056 596 Selbstentwickelung
1084 545 1153 583 auf
1175 545 1237 583 ihr
1259 543 1569 585 Gebundensein

155 625 204 652 an
233 610 341 653 Stoff
362 612 459 652 oder
486 611 727 665 Vermiigen,
756 611 819 652 die
846 611 1146 652 harmonischen
1173 610 1569 651 Wechselbeziehun-

152 692 231 731 gen
265 679 305 718 in
342 679 415 719 den
446 679 804 731 Entwickelungen
837 679 907 718 der
942 678 1254 719 verschiedenen
1281 678 1566 725 Einzelwesen,

152 745 225 785 mit
253 746 498 799 Vorahnung
525 746 595 785 des
623 745 796 798 Begriffs
824 746 932 786 einer
958 745 1163 786 harmonia
1189 744 1474 799 praestabilita,
1503 744 1573 783 auf

152 813 217 852 die
250 813 411 852 Einheit
442 812 524 852 und
563 813 924 853 Vollkommenheit
957 813 1061 852 ihres
1095 813 1388 866 gemeinsamen
1423 812 1566 851 letzten

154 879 353 930 Grandes,
383 879 452 919 des
480 879 751 934 unbedingten
778 880 996 933 gottlichen
1023 880 1193 931 Geistes,
1223 879 1568 920 zuriickzufuhren

153 947 266 987 mehr
291 946 390 987 oder
416 947 590 1000 weniger
617 947 819 988 bestimmt
846 947 1131 1001 beabsichtigt“
1146 947 1188 1000 ²).
1237 948 1351 996 Quae
1375 946 1571 987 sententia

152 1014 313 1068 reliquis
352 1015 514 1068 propius
549 1015 598 1054 ad
634 1021 808 1055 nostram
851 1015 1015 1056 accedit.
1072 1014 1155 1056 Sed
1189 1015 1249 1054 vir
1284 1014 1570 1054 eruditissimus

153 1095 204 1122 ne
230 1082 450 1136 perieulum
478 1083 637 1136 quidem
672 1083 767 1123 fecit
799 1083 882 1123 eius
915 1098 1005 1122 cum
1038 1083 1169 1122 verbis
1196 1083 1418 1123 Aristotelis
1447 1082 1572 1122 conci-

153 1149 330 1201 liandae3
370 1150 505 1203 itaque
546 1164 640 1190 num
680 1149 773 1190 inde
807 1149 898 1190 duci
934 1149 1058 1203 possit
1092 1149 1218 1191 adhuc
1254 1150 1432 1191 dubitare
1466 1149 1569 1189 licet.

154 1216 257 1256 Sunt
285 1216 412 1267 etiam,
441 1231 544 1271 quae
573 1218 781 1271 quominus
808 1217 912 1257 idem
939 1217 1153 1257 sentiamus
1173 1218 1330 1257 obstare
1349 1217 1568 1258 videantur.

154 1282 329 1324 Primum
366 1284 488 1335 enim,
522 1284 554 1324 si
592 1299 693 1338 quae
723 1284 958 1324 Aristoteles
991 1284 1040 1323 de
1073 1284 1274 1325 intellectu
1304 1291 1343 1324 et
1370 1284 1502 1324 divino
1530 1291 1570 1325 et

153 1353 324 1393 humano
351 1353 501 1406 profert
529 1352 833 1402 consideramus,
861 1352 929 1391 vix
956 1353 1194 1405 persuadere
1221 1353 1333 1392 nobis
1361 1367 1569 1405 possumus

154 1419 411 1471 cogitationes
445 1421 647 1472 segregari
680 1435 795 1473 posse
829 1434 852 1458 a
884 1426 1029 1459 mente.
1085 1420 1226 1472 Itaque
1260 1420 1292 1457 si
1331 1435 1420 1460 cum
1446 1421 1569 1460 Bran·

155 1487 254 1528 disio
292 1486 548 1539 cogitationes
584 1487 646 1527 dei
683 1488 723 1527 in
756 1488 874 1528 rebus
902 1485 999 1540 ipsis
1026 1485 1155 1526 inesse
1183 1487 1408 1537 statuimus,
1441 1501 1491 1527 ne
1518 1488 1573 1527 in-

155 1553 330 1593 cidamus
357 1553 397 1593 in
425 1554 727 1607 pantheismum‚
757 1567 873 1607 quem
905 1568 928 1592 a
955 1553 1109 1593 ratione
1137 1554 1374 1594 Aristotelea
1401 1554 1572 1594 alienum

154 1634 241 1660 esse
260 1620 338 1660 iam
357 1635 477 1674 supra
495 1622 730 1672 monuimus,
759 1635 904 1675 magno
924 1635 1043 1674 opere
1063 1627 1124 1661 est
1142 1622 1372 1662 verendum.
1416 1621 1573 1661 Deinde

155 1701 243 1726 cum
274 1688 506 1728 Aristoteles
539 1702 695 1728 omnem
735 1691 993 1728 mutationem
1028 1694 1254 1742 motumque
1283 1702 1306 1727 a
1335 1688 1572 1741 cogitatione

155 1755 218 1796 dei
246 1756 384 1797 abesse
412 1757 534 1807 dicat,
569 1770 699 1797 rerum
728 1756 966 1797 mutationes
993 1757 1063 1796 vix
1091 1762 1271 1810 repetere
1298 1756 1391 1795 licet
1420 1769 1441 1795 e
1469 1757 1572 1809 cogi-

154 1824 367 1864 tationibus
395 1824 539 1864 divinis
558 1824 685 1877 magis
705 1825 912 1878 magisque
941 1838 1051 1864 suam
1079 1831 1260 1864 naturam
1280 1825 1318 1863 in
1338 1824 1415 1863 illis
1445 1824 1572 1877 expri-

155 1891 350 1930 mentibus
378 1906 425 1931 ac
451 1892 842 1945 repraesentantibus
852 1893 896 1945 ²).

256 1959 463 1999 Postremo
492 1960 705 1999 afferamus
731 1962 968 2001 'sententiam
999 1960 1133 2013 Kymii
1162 1960 1230 2013 qui
1263 1960 1449 2013 placitum
1477 1960 1571 2000 illud

157 2025 454 2066 Aristoteleum:
489 2027 551 2066 dei
584 2027 863 2078 cogitationem
892 2042 977 2067 esse
1007 2027 1254 2079 cogitationis
1283 2028 1572 2081 cogitationem,

154 2092 210 2132 ita
235 2093 442 2147 intellegit,
471 2101 514 2134 ut
542 2094 639 2134 deus
669 2095 878 2147 cogitando
905 2109 1035 2135 rerum
1065 2102 1104 2134 et
1128 2096 1274 2135 formas
1303 2101 1342 2134 et
1368 2095 1571 2135 materiam

154 2167 351 2213 procreet.
406 2162 475 2201 Ait
502 2162 621 2201 enim:
652 2163 733 2215 „Es
760 2163 811 2202 ist
837 2162 992 2215 richtig,
1022 2162 1112 2201 dass
1137 2162 1371 2202 Aristoteles
1391 2162 1491 2203 Gott
1517 2163 1573 2202 als

156 2227 291 2285 reinen
320 2228 435 2269 Geist
462 2229 680 2280 bestimmt,
717 2230 857 2271 dessen
884 2229 1116 2282 Thatigkeit
1142 2230 1325 2281 lediglich
1355 2230 1467 2269 darin
1495 2231 1574 2269 auf-

154 2295 268 2347 geht,
302 2295 392 2336 dass
427 2311 469 2336 er
503 2297 584 2336 sich
620 2297 751 2338 selber
786 2297 907 2337 denkt
939 2326 1105 2336 .....
1160 2296 1299 2337 Indess
1333 2298 1434 2336 auch
1468 2297 1573 2337 diese

156 2361 341 2416 Fassung
366 2370 467 2404 setzt
495 2365 571 2404 den
599 2365 814 2418 gottlichen
835 2362 951 2403 Geist
968 2365 1071 2404 noch
1095 2364 1364 2416 keinesweges
1392 2365 1431 2404 in
1459 2365 1572 2404 einen

156 2483 222 2525 γὰρ
244 2483 356 2527 μηθὲν
377 2488 461 2525 νοεῖ,
484 2489 516 2518 τί
537 2482 579 2519 ἂν
602 2489 651 2527 εἴη
674 2485 710 2519 τὸ
735 2483 872 2529 σεμνόν.
923 2489 985 2520 Sed
1008 2489 1099 2520 illam
1122 2488 1312 2520 sententiam
1335 2487 1369 2516 in
1392 2486 1443 2516 his
1466 2485 1575 2517 verbis

158 2540 264 2570 inesse
286 2549 350 2570 non
373 2550 467 2580 posse
489 2550 564 2571 vere
587 2542 651 2572 iam
674 2541 797 2572 monuit
820 2540 977 2580 Zellerus,
1001 2542 1041 2573 cf.
1064 2542 1148 2572 Phil.
1172 2541 1201 2572 d.
1227 2541 1280 2572 Gr.
1304 2540 1346 2578 II,
1371 2542 1399 2572 2.
1423 2550 1452 2580 p.
1467 2541 1541 2571 283.

251 2593 272 2633 ¹)
296 2590 444 2627 Brundis.
467 2594 522 2627 Gr.
537 2605 687 2626 -ι-οοιιι.
710 2594 794 2625 Phil.
817 2594 861 2634 11,
886 2598 915 2626 2.
939 2589 1058 2636 p;575.

247 2647 270 2685 ²)
296 2648 344 2678 cf.
368 2648 482 2679 Zeller.
506 2649 591 2679 Phil.
616 2649 646 2679 d.
670 2649 724 2679 Gr.
747 2649 790 2687 11,
816 2651 845 2680 2.
868 2658 900 2689 p.
914 2651 1033 2688 284sq.

1307 2706 1329 2744 7
