1837 3017
809 157 1085 196 —118-

241 260 371 299 sitioni
388 261 894 311 adiunguntur‚sententiae
909 269 999 315 apte
1014 263 1115 302 inter
1128 276 1171 301 se
1182 262 1431 302 cohaereant.
1452 263 1543 310 Quo
1553 263 1657 301 facto

241 326 475 368 Aristoteles
491 327 516 367 b
535 329 573 367 11
589 341 698 382 seqq.
713 327 784 368 ait:
800 328 870 371 Sin
888 336 1019 370 autem
1035 342 1144 369 mens
1160 340 1334 369 seorsum
1352 327 1502 382 cogitat
1514 335 1657 370 utram-

242 409 319 446 que
347 395 473 433 lineae
500 402 664 448 partem,
694 397 809 436 simul
838 398 955 436 etiam
983 404 1139 450 tempus
1168 396 1318 434 dividit.
1366 396 1528 448 Cogitat
1551 397 1655 436 enim

240 469 335 512 tum,
363 462 395 502 si
416 462 491 502 hoc
512 462 618 512 facit,
647 463 803 513 lincam,
833 466 942 518 quasi
971 465 1049 505 sint
1070 465 1207 504 lineae.
1253 463 1335 505 Ubi
1357 469 1487 503 autem
1509 462 1654 504 lineam

241 530 404 581 cogitat,
449 530 560 581 quasi
597 530 648 571 sit
683 544 732 569 ex
769 538 935 584 utraque
971 537 1084 583 parte
1120 530 1359 583 composita,
1399 531 1438 568 h.
1463 544 1498 569 e.
1534 530 1566 584 qi
1599 531 1655 569 ita

240 597 388 650 cogitat
421 597 584 647 lineam,
619 605 663 637 ut
697 598 749 638 sit
780 613 878 647 una,
913 598 983 639 sed
1017 607 1217 652 tamquam
1245 612 1267 637 e
1294 597 1446 637 duabus
1474 597 1655 650 partibus

238 671 441 712 constans,
477 664 594 703 etiam
630 665 669 703 in
706 667 891 719 temporis
925 667 1052 719 spatio
1090 666 1238 718 cogitat
1273 664 1379 718 quod
1413 665 1452 703 in
1486 671 1655 718 utraque

238 738 351 784 parte
379 738 450 770 est.
502 731 679 784 [Cogitat
706 732 826 784 igitur
853 741 936 772 tum
964 740 1003 772 et
1030 733 1172 772 lineam
1201 738 1241 774 et
1266 738 1421 784 tempus
1450 730 1653 784 divisum];

238 797 308 838 sed
344 812 416 852 per
448 798 650 848 accidens,
687 807 726 838 et
759 814 836 838 non
872 806 1068 853 quatenus
1102 799 1168 839 illa
1202 797 1362 838 dividua
1395 804 1504 847 sunt,
1546 797 1651 851 quod

238 865 387 918 cogitat
413 865 551 917 (intell.
581 866 744 916 lineam)
771 873 810 905 et
836 868 874 905 in
904 881 982 919 quo
1010 874 1204 919 tempore,
1240 864 1309 904 sed
1338 873 1531 917 quatenus
1559 872 1652 904 sunt

236 931 451 971 individua.
506 931 774 984 (Cogitatione
803 934 905 972 enim
936 933 1020 973 sola
1048 946 1158 972 mens
1186 931 1343 980 dividit,
1382 944 1483 983 quae
1510 944 1582 984 per
1609 944 1654 970 se

238 1005 329 1038 sunt
361 998 592 1050 individua).
649 999 753 1039 Nam
790 1000 906 1040 etiam
949 1000 989 1040 in
1028 1000 1088 1039 his
1121 998 1268 1052 aliquid
1303 997 1546 1038 individuum
1581 1006 1651 1047 est,

236 1064 357 1118 idque
389 1065 556 1104 fortasse
588 1066 638 1105 ab
673 1066 720 1105 iis
755 1081 834 1106 non
872 1067 1109 1115 seiunctum,
1150 1066 1256 1120 quod
1296 1065 1416 1106 efficit
1455 1079 1577 1105 unum
1611 1072 1650 1105 et

236 1139 391 1184 tempus
420 1140 459 1170 et
486 1133 644 1172 lineam.
700 1135 833 1187 Atque
860 1135 935 1174 hoc
963 1135 1001 1173 in
1031 1147 1269 1186 unoquoque
1297 1139 1357 1171 est
1383 1132 1585 1172 individuo
1613 1140 1653 1172 et

236 1199 275 1237 in
304 1205 482 1251 ternpore
516 1207 556 1239 et
587 1200 626 1239 in
665 1201 782 1240 linea.
839 1201 953 1248 Quod
989 1209 1119 1240 autem
1156 1214 1231 1238 non
1269 1201 1486 1252 quantitate
1513 1200 1652 1239 indivi—

236 1266 355 1305 duum
385 1272 462 1315 est,
497 1266 567 1306 sed
595 1267 774 1316 notione,
813 1268 1026 1320 cogitat.in
1055 1274 1233 1320 tempore
1260 1265 1462 1306 individuo
1492 1273 1531 1306 et
1556 1266 1652 1306 indi-

235 1332 354 1371 vidua
381 1333 524 1371 mentis
551 1333 719 1372 actione.

340 1397 454 1446 Quae
482 1401 613 1439 omnia
640 1401 736 1440 satis
763 1407 854 1453 apte
882 1400 1095 1453 procedere
1119 1399 1313 1439 videntur.
1357 1399 1525 1439 Causam
1555 1412 1649 1438 vero

233 1465 310 1505 loci
331 1465 504 1519 corrupti
523 1466 555 1505 si
575 1467 742 1519 quaeris,
769 1474 953 1519 putamus
972 1466 1290 1520 praetermissum
1311 1466 1358 1504 ab
1379 1464 1510 1518 aliquo
1528 1464 1650 1504 fuisse

235 1539 276 1573 et
302 1535 342 1571 in
369 1532 550 1585 margine
577 1534 817 1587 adscriptum
848 1534 1119 1573 enunciatum:
1152 1532 1199 1572 τὸ
1229 1533 1274 1573 δὲ
1301 1532 1356 1585 μή
1386 1531 1488 1572 κατὰ
1517 1531 1650 1572 ποσὸν

235 1597 471 1650 ἀδιαίρετον
499 1596 605 1639 ἀλλὰ
632 1603 689 1653 τῷ
718 1599 822 1641 εἷ’δει
850 1604 937 1641 νοεῖ
962 1601 1002 1641 ἐν
1030 1597 1254 1653 ἆδιαίρέτῳ
1279 1599 1410 1652 χρόνῳ
1428 1599 1497 1639 καὶ
1514 1596 1647 1640 ἀδιαι-

230 1666 333 1719 ρέτῳ
361 1668 504 1720 ψυχῆς,
535 1673 574 1705 et
600 1674 739 1719 postea
768 1669 854 1706 loco
882 1668 1009 1706 alieno
1039 1668 1087 1706 ab
1117 1668 1192 1706 alio
1221 1681 1308 1706 esse
1335 1668 1538 1706 insertum.
1579 1669 1648 1705 At-

234 1747 312 1787 que
349 1740 433 1772 erat
467 1747 538 1772 cur
571 1733 645 1773 hoc
672 1735 845 1775 maxime
874 1736 960 1775 loco
988 1735 1054 1774 ille
1081 1735 1180 1774 haec
1207 1734 1488 1787 interponeret.
1542 1735 1645 1774 Nam

232 1801 265 1840 si
293 1800 416 1839 verba
443 1800 526 1838 sola
553 1801 732 1853 respicis,
770 1802 829 1840 his
857 1802 1004 1855 aliquid
1031 1801 1295 1840 similitudinis
1323 1801 1531 1840 intercedit
1558 1816 1645 1841 cum

231 1868 278 1906 iis
316 1875 407 1906 ante
442 1881 543 1919 quae
577 1868 616 1906 in
652 1868 852 1907 codicibus
887 1869 1078 1908 coilocata
1113 1875 1224 1908 sunt:
1260 1867 1362 1908 κατὰ
1396 1868 1647 1920 συμβεβηκός

232 1934 298 1980 δέ,
332 1932 400 1971 καὶ
434 1930 506 1982 οὐχ
529 1927 559 1986 ᾗ
586 1933 717 1973 ἐκεῖνα
747 1932 952 1986 διαιρετά,
991 1929 1014 1972 ὃ
1042 1937 1128 1974 νοεῖ
1153 1934 1222 1973 καὶ
1248 1933 1290 1973 ἐν
1317 1927 1349 1987 ᾧ
1372 1932 1514 1987 χρόνῳ,
1544 1931 1643 1974 ἀλλ’

229 1995 258 2055 ᾗ
285 1998 513 2053 ἀδιαίρετα.
569 2002 782 2055 Postquam
812 2008 943 2042 autem
972 2002 1039 2042 illa
1064 2002 1258 2042 sententia
1285 2003 1359 2042 hoc
1387 2003 1472 2041 loco
1501 2003 1647 2042 inserta

229 2068 315 2117 fuit,
344 2067 485 2120 aliquis
514 2074 676 2121 propter
704 2068 843 2107 verba:
872 2068 912 2108 ἓν
939 2065 1161 2122 ἀδιαιρέτῳ
1186 2066 1315 2122 χρόνῳ
1335 2069 1403 2109 καὶ
1421 2066 1645 2123 ἀδιαιρέτῳ

228 2137 301 2186 τῆς
327 2137 462 2189 ψυχῆς
491 2135 514 2174 b
539 2135 602 2184 15,
640 2129 664 2173 ὃ
691 2139 776 2175 νοεῖ
801 2137 870 2176 καὶ
898 2135 940 2176 ἐν
967 2129 1000 2189 ᾦ
1025 2135 1154 2189 χρόνῳ
1184 2138 1208 2176 b
1230 2140 1294 2187 16,
1332 2145 1374 2178 ut
1400 2138 1477 2177 illis
1506 2153 1647 2178 conve-

228 2203 370 2252 nirent,
399 2202 565 2241 mutavit
594 2204 632 2241 in
663 2196 694 2255 ᾧ
721 2206 807 2242 νοεῖ
832 2203 899 2242 καὶ
926 2202 967 2243 ἐν
995 2197 1029 2256 ᾦ
1052 2201 1196 2256 χρόνῳ.

331 2269 461 2309 Locus
498 2269 635 2309 similis
679 2277 738 2309 est
772 2271 820 2309 de
855 2271 972 2310 anim.
1011 2272 1093 2321 III,
1128 2273 1163 2310 3.
1200 2272 1278 2312 428
1306 2287 1329 2310 a
1354 2273 1423 2312 24:
1466 2272 1645 2326 φανερόν

227 2335 363 2376 τοίνυν
397 2334 461 2376 ὅτι
495 2333 593 2376 οὐδὲ
627 2334 731 2384 δόξα
757 2335 847 2387 μετ’
878 2336 1133 2391 αἰσθήσεως,
1173 2335 1270 2378 οὐδὲ
1305 2336 1362 2378 δι’
1394 2337 1642 2393 αἰσθήσεως,

228 2401 325 2445 οὐδὲ
353 2404 567 2457 συμπλοκὴ
605 2402 728 2457 δόξης
761 2405 829 2445 καὶ
865 2404 1101 2458 αἰσθήσεως
1135 2405 1341 2457 φαντασία
1377 2404 1427 2447 ἂν
1454 2405 1535 2459 εἴη,
1571 2405 1643 2447 διά

225 2487 270 2511 τε
297 2475 427 2511 ταῦτα
455 2470 525 2512 καὶ
552 2473 678 2523 δῆλον
707 2471 771 2511 ὅτι
799 2471 869 2512 οἰκ
899 2469 1027 2512 ἄλλου
1062 2470 1173 2519 τινός
1201 2472 1308 2512 ἐστιν
1337 2471 1360 2525 ἡ
1391 2472 1511 2522 δόξα,
1546 2471 1639 2513 ἀλλ’

227 2537 381 2580 ἐκείνου
416 2539 524 2580 ἐστὶν
557 2534 606 2579 οὗ
639 2539 707 2580 καὶ
743 2538 959 2592 αἴσθησις·
991 2539 1095 2592 λέγω
1125 2537 1179 2588 δ’,
1209 2538 1245 2580 εἰ
1279 2542 1347 2592 (cf.
1377 2541 1642 2581 'Prendelcnb.

227 2616 430 2647 comment.
461 2623 499 2660 p.
520 2609 594 2646 457
606 2609 684 2660 sq.)
721 2610 792 2659 τῆς
829 2611 903 2646 τοῦ
938 2609 1081 2647 λευκοῦ
1109 2605 1230 2659 δόξης
1257 2608 1326 2647 καὶ
1354 2605 1589 2658 αἰσθήσεως
1616 2605 1639 2658 ἡ
