1837 3017
765 178 1049 218 —110-

189 278 434 329 Alexander,
478 279 546 320 sed
589 280 675 319 aliis
717 282 835 321 aliam
878 297 967 322 cum
1017 288 1100 321 toto
1142 295 1229 321 esse
1269 283 1614 324 necessitudinem.

189 346 334 400 Neque
367 347 408 386 in
443 347 516 386 hac
553 347 836 389 sententiarum
873 348 1126 389 cohaerentia
1167 344 1275 390 ἅλλα
1316 349 1446 391 dicere
1489 350 1617 405 potuit

191 414 431 454 Aristoteles
459 414 500 453 in
529 415 825 456 enunciatione:
860 415 930 456 καὶ
965 412 1072 457 ἄλλα
1100 415 1230 466 οὕτως
1257 416 1365 458 ἐστὶν
1392 411 1449 458 ὦν
1476 433 1615 459 κοινω-

191 486 254 523 νεῖ
284 480 467 531 ἅπαντα,
509 488 554 522 ut
588 481 833 536 significaret
872 498 936 524 res
971 498 1074 538 quae
1117 492 1208 525 sunt
1244 486 1284 525 in
1320 485 1479 525 mundo.
1534 485 1616 527 Sed

191 551 289 590 haec
317 549 476 602 quidem
507 549 602 589 satis
631 551 720 607 sint,
748 550 928 604 quamvis
956 551 1082 591 multa
1109 558 1316 605 praeterea
1335 552 1411 592 alia
1437 554 1616 605 proferre

190 618 386 671 possimus
414 622 555 657 contra
574 617 861 659 Alexandrum.
899 619 992 659 Non
1019 620 1123 659 enim
1144 618 1321 673 pluribus
1341 633 1439 672 opus
1459 620 1617 662 videtur

191 699 276 726 esse
305 684 355 724 ad
384 686 621 725 sententiam
656 686 762 726 illam
795 685 1056 726 refutandam.
1113 685 1243 735 Quam
1272 686 1323 727 ob
1351 701 1509 728 causam
1535 687 1615 729 iam

190 752 492 806 progrediamur
519 753 568 794 ad
598 753 916 807 Schwegkrum,
947 755 1014 808 qui
1044 754 1208 794 eandem
1236 760 1358 807 atque
1386 755 1617 796 Alexander

189 820 473 861 sententiarum
502 827 731 861 contextum
756 822 908 873 statuit;
939 821 1124 876 quocirca
1144 821 1267 861 verba
1293 821 1481 875 distingui
1508 823 1617 863 iubet

191 888 345 928 ratione
374 889 467 926 hac:
495 888 563 928 καὶ
592 885 666 937 οὐχ
693 887 824 937 οὕτως
852 889 933 939 ἔχει
962 887 1067 930 ὥστε
1093 889 1149 942 μὴ
1181 884 1287 928 εἶναι
1316 889 1483 942 θατέρῳ
1509 889 1616 943 πρὸς

191 953 372 1009 θάτερον
397 954 542 1007 μηθέν,
572 952 667 996 ἀλλ’
698 954 786 997 ἐστι’
811 972 863 1005 τι,
892 956 997 1010 πρὸς
1022 957 1098 1008 μὲν
1124 956 1202 1008 γὰρ
1229 955 1271 997 ἓν
1290 954 1454 997 ἅπαντα
1481 956 1614 998 συντέ-

188 1036 353 1065 τακται·
391 1019 484 1064 ἀλλ’
516 1020 655 1076 ὥσπερ
689 1022 731 1064 ὲν
768 1021 878 1080 οἰκίᾳ
905 1027 992 1074 τοῖς
1020 1023 1258 1078 ἐλευθέροις
1286 1021 1433 1077 ἥκιστα
1460 1022 1615 1073 ἔξεστιν

191 1090 215 1132 ‘0'
241 1107 282 1131 τι
310 1089 444 1140 ἔτυχεν
471 1094 629 1138 ποιεῖν,
659 1089 766 1133 ἀλλὰ
795 1091 930 1132 πάντα
959 1090 985 1146 ἢ
1012 1092 1062 1132 τὰ
1093 1093 1266 1132 πλεῖστα
1292 1091 1500 1142 τέτακται,
1528 1095 1615 1140 τοῖς

191 1159 237 1201 δὲ
265 1155 549 1212 ἀνδραπόδοις
575 1160 644 1200 καὶ
670 1163 757 1209 τοῖς
785 1158 951 1214 θηρίοις
977 1160 1122 1214 μικρὸν
1148 1159 1195 1201 τὸ
1223 1157 1281 1208 εἷς
1307 1160 1355 1201 τὸ
1384 1157 1537 1208 κοινόν,
1564 1160 1611 1201 τὸ

189 1228 235 1268 δὲ
264 1227 372 1267 πολι)
401 1225 425 1267 ὅ
451 1242 492 1267 τι
512 1225 648 1277 ἔτυχεν
666 1225 852 1281 (τοιαύτη
879 1228 954 1283 γὰρ
975 1226 1148 1269 ἑκάστου
1168 1225 1266 1281 ἀρχῆ
1289 1225 1422 1268 αὐτῶν
1441 1225 1465 1282 ἡ
1487 1225 1615 1283 φύσις

188 1294 310 1336 ἐστὶν.
349 1294 452 1348 λέγω
488 1292 528 1335 δ’
568 1289 658 1336 οἷον
696 1293 757 1344 εἴς
790 1312 834 1349 γε
873 1297 921 1337 τὸ
957 1298 1232 1350 διακριθῆναι
1267 1292 1422 1350 ἀνάγκη
1456 1295 1615 1339 ἅπασιν

188 1362 365 1416 ἐλθεῖν),
401 1362 471 1403 καὶ
505 1358 610 1404 ἄλλα
647 1362 778 1413 οὕτως
815 1362 924 1406 ἐστὶν
960 1358 1016 1406 ὧν
1051 1367 1239 1406 κοινωνεῖ
1271 1362 1437 1406 ἅπαντα
1473 1362 1532 1414 εἰς
1567 1364 1615 1406 τὸ

188 1431 298 1472 ὅλον.
352 1431 508 1471 Pariter
542 1432 664 1484 igitur
709 1438 829 1485 atque
864 1434 1095 1473 Alexander
1129 1432 1452 1485 Aphrodisiensis
1492 1432 1616 1472 verba

188 1496 284 1540 ἀλλ’
316 1496 456 1551 ὥσπερ
484 1522 536 1527 —
562 1499 610 1540 τὸ
640 1499 687 1540 δὲ
715 1499 825 1541 πολὺ
854 1498 877 1541 ὅ
904 1517 945 1541 τι
981 1501 1116 1552 ἔτυχεν
1152 1500 1329 1555 protasin
1364 1513 1451 1540 esse
1484 1500 1614 1550 sumit,

190 1568 300 1607 cuius
337 1567 520 1619 apodosis
556 1568 803 1607 contineatur
839 1569 916 1608 his:
960 1568 1030 1608 καὶ
1071 1564 1179 1608 ἄλλα
1224 1567 1354 1615 οὕτως
1390 1565 1500 1607 ἐστίν
1532 1568 1612 1607 κτλ.

189 1634 325 1675 Verba
345 1640 475 1675 autem
497 1627 554 1674 ὦν
573 1632 739 1676 ἅπαντα
758 1635 983 1690 significare
1002 1642 1116 1690 putat
1139 1636 1243 1677 idem
1264 1642 1382 1689 atque
1403 1629 1430 1676 ἃ
1449 1632 1613 1676 ἅπαντα

188 1709 308 1755 atque
337 1702 386 1742 ad
415 1706 604 1744 κοινωνεῖ
630 1704 794 1743 verbum
824 1704 954 1743 animo
975 1704 1084 1743 addit
1102 1700 1301 1757 ἀλλήλοις
1321 1702 1509 1753 dativum,
1538 1703 1613 1742 hac

189 1783 348 1823 quoque
375 1770 414 1810 in
442 1784 486 1810 re
513 1770 788 1811 Alexandrum
818 1777 996 1820 secutus,
1037 1778 1076 1811 et
1103 1771 1388 1825 interpretatur
1414 1769 1546 1810 locum
1571 1771 1612 1810 in

188 1837 292 1877 hunc
335 1839 418 1877 fere
459 1838 638 1878 modum:
693 1837 775 1879 Sed
818 1838 1151 1893 quemadmodum
1193 1838 1232 1879 in
1275 1838 1390 1878 domo
1429 1836 1612 1890 ingenuis

190 1905 352 1944 minime
387 1907 519 1946 facere
551 1906 644 1945 licet
674 1906 779 1958 quod
808 1906 935 1955 lubet,
972 1920 1061 1945 cum
1090 1906 1221 1946 omnia
1250 1911 1317 1945 aut
1345 1904 1535 1958 pleraque
1563 1904 1611 1944 iis

189 1974 268 2013 sint
304 1972 520 2026 descripta,
557 1980 696 2024 contra
731 1973 835 2013 servi
872 1979 911 2013 et
944 1973 1128 2013 animalia
1163 1972 1378 2013 domestica
1411 1985 1538 2025 pauca
1571 1971 1611 2011 in

187 2041 353 2080 salutem
390 2055 637 2080 communem
674 2041 823 2079 faciunt
857 2047 895 2079 et
929 2041 1160 2094 plerumque
1197 2040 1303 2093 quod
1341 2039 1509 2092 primum
1546 2039 1612 2078 ob·

187 2108 295 2149 venit
322 2108 420 2161 (tale
449 2107 551 2147 enim
580 2107 817 2161 principium
838 2122 908 2147 sua
928 2108 1068 2161 cuique
1088 2115 1148 2148 est
1174 2114 1333 2157 natura3
1364 2106 1451 2146 dico
1480 2113 1610 2147 autem

187 2176 319 2215 omnia
346 2181 606 2214 secernantur
632 2188 794 2214 necesse
824 2188 910 2214 esse
940 2188 1006 2226 „es
1036 2182 1168 2216 miisse
1197 2175 1294 2214 alles
1313 2189 1383 2214 zur
1402 2173 1612 2213 Ausschei·

188 2242 296 2296 dung
323 2241 572 2294 kommen“):
604 2242 740 2281 eadem
769 2243 919 2282 ratione
949 2243 1065 2283 etiam
1094 2257 1157 2282 res
1185 2243 1360 2296 reliquae
1388 2256 1431 2281 se
1451 2241 1609 2292 habent,

188 2325 209 2350 e
245 2312 387 2365 quibus
421 2324 560 2350 omnes
598 2309 838 2364 participant
879 2325 1015 2350 omnes
1049 2310 1088 2349 in
1124 2310 1292 2350 salutem
1328 2309 1610 2350 universitatis.

188 2380 301 2428 Quae
330 2380 370 2420 in
399 2378 683 2420 commentario
715 2378 889 2431 explicat
916 2379 987 2419 sic:
1018 2377 1361 2426 Quemadmodum
1389 2378 1428 2416 in
1451 2377 1564 2417 domo
1583 2377 1610 2417 ii

188 2449 330 2502 quibus
359 2446 536 2488 consistit
564 2446 673 2486 vario
703 2446 817 2485 modo
838 2447 886 2486 ad
906 2452 1033 2486 totum
1054 2444 1369 2485 conservandum
1390 2445 1610 2495 conferunt,

188 2516 325 2555 eadem
354 2516 505 2554 ratione
534 2528 597 2553 res
625 2527 668 2552 se
696 2513 815 2553 habet
842 2514 880 2553 in
911 2513 1076 2562 mundo,
1104 2513 1143 2551 in
1175 2525 1251 2564 quo
1280 2512 1412 2552 omnia
1438 2513 1541 2552 inter
1568 2525 1610 2551 se

187 2589 278 2621 sunt
305 2583 515 2622 coniuncta
543 2587 663 2634 atque
692 2594 845 2621 conexa
874 2581 924 2620 ad
953 2579 1202 2620 efficiendam
1230 2584 1269 2618 et
1297 2578 1610 2619 conservandam

186 2664 316 2690 rerum
345 2664 553 2690 summam.
610 2648 811 2689 Intellexit
845 2655 974 2689 autem
1006 2645 1304 2699 Schweglerus,
1339 2653 1383 2686 ut
1413 2645 1609 2686 sententia
