<?xml version="1.0" encoding="UTF-8"?>
<!DOCTYPE html PUBLIC "-//W3C//DTD XHTML 1.0 Transitional//EN"
    "http://www.w3.org/TR/xhtml1/DTD/xhtml1-transitional.dtd">
<html xmlns="http://www.w3.org/1999/xhtml" xml:lang="en" lang="en">
 <head>
  <title>
</title>
<meta http-equiv="Content-Type" content="text/html;charset=utf-8" />
  <meta name='ocr-system' content='tesseract 3.04.00' />
  <meta name='ocr-capabilities' content='ocr_page ocr_carea ocr_par ocr_line ocrx_word'/>
</head>
<body>
  <div class='ocr_page' id='page_1' title='image "4737903_0030.png"; bbox 0 0 1837 3017; ppageno 0'>
   <div class='ocr_carea' id='block_1_1' title="bbox 789 164 1042 203">
    <p class='ocr_par' dir='ltr' id='par_1_1' title="bbox 789 164 1042 203">
     <span class='ocr_line' id='line_1_1' title="bbox 789 164 1042 203; baseline 0.004 -10"><span class='ocrx_word' id='word_1_1' title='bbox 789 164 1042 203; x_wconf 68' lang='lat'>-16-</span> 
     </span>
    </p>
   </div>
   <div class='ocr_carea' id='block_1_2' title="bbox 185 267 1618 2019">
    <p class='ocr_par' dir='ltr' id='par_1_2' title="bbox 203 267 1616 378">
     <span class='ocr_line' id='line_1_2' title="bbox 206 267 1616 328; baseline 0.004 -17"><span class='ocrx_word' id='word_1_2' title='bbox 206 285 295 311; x_wconf 86' lang='lat' dir='ltr'><strong>eum</strong></span> <span class='ocrx_word' id='word_1_3' title='bbox 323 269 374 310; x_wconf 86' lang='lat' dir='ltr'><strong>sit</strong></span> <span class='ocrx_word' id='word_1_4' title='bbox 401 268 620 309; x_wconf 81' lang='lat' dir='ltr'><strong>substantia</strong></span> <span class='ocrx_word' id='word_1_5' title='bbox 639 267 734 319; x_wconf 69' lang='lat' dir='ltr'><strong>eiua,</strong></span> <span class='ocrx_word' id='word_1_6' title='bbox 763 267 904 309; x_wconf 88' lang='lat' dir='ltr'><strong>deinde</strong></span> <span class='ocrx_word' id='word_1_7' title='bbox 923 283 1011 310; x_wconf 89' lang='lat' dir='ltr'><strong>cum</strong></span> <span class='ocrx_word' id='word_1_8' title='bbox 1030 269 1080 311; x_wconf 84' lang='lat' dir='ltr'><strong>sit</strong></span> <span class='ocrx_word' id='word_1_9' title='bbox 1099 270 1182 311; x_wconf 85' lang='lat' dir='ltr'><strong>eius</strong></span> <span class='ocrx_word' id='word_1_10' title='bbox 1201 271 1302 323; x_wconf 80' lang='lat' dir='ltr'><strong>finis,</strong></span> <span class='ocrx_word' id='word_1_11' title='bbox 1330 272 1500 328; x_wconf 86' lang='lat' dir='ltr'><strong>denique</strong></span> <span class='ocrx_word' id='word_1_12' title='bbox 1527 289 1616 316; x_wconf 89' lang='lat' dir='ltr'><strong>cum</strong></span> 
     </span>
     <span class='ocr_line' id='line_1_3' title="bbox 203 335 845 378; baseline -0.005 -1"><span class='ocrx_word' id='word_1_13' title='bbox 203 338 253 377; x_wconf 84' lang='lat' dir='ltr'><strong>sit</strong></span> <span class='ocrx_word' id='word_1_14' title='bbox 281 337 320 377; x_wconf 91' lang='lat' dir='ltr'><strong>id</strong></span> <span class='ocrx_word' id='word_1_15' title='bbox 347 336 450 378; x_wconf 88' lang='lat' dir='ltr'><strong>unde</strong></span> <span class='ocrx_word' id='word_1_16' title='bbox 478 341 606 376; x_wconf 88' lang='lat' dir='ltr'><strong>motus</strong></span> <span class='ocrx_word' id='word_1_17' title='bbox 635 335 845 375; x_wconf 84' lang='lat' dir='ltr'><strong>exoriatur.</strong></span> 
     </span>
    </p>

    <p class='ocr_par' dir='ltr' id='par_1_3' title="bbox 194 402 1618 1069">
     <span class='ocr_line' id='line_1_4' title="bbox 306 402 1618 456; baseline 0.005 -12"><span class='ocrx_word' id='word_1_18' title='bbox 306 405 355 445; x_wconf 90' lang='lat' dir='ltr'><strong>Id</strong></span> <span class='ocrx_word' id='word_1_19' title='bbox 383 411 514 444; x_wconf 81' lang='lat' dir='ltr'><strong>autem</strong></span> <span class='ocrx_word' id='word_1_20' title='bbox 545 402 650 456; x_wconf 88' lang='lat' dir='ltr'><strong>quod</strong></span> <span class='ocrx_word' id='word_1_21' title='bbox 686 403 813 442; x_wconf 84' lang='lat' dir='ltr'><strong>forma</strong></span> <span class='ocrx_word' id='word_1_22' title='bbox 848 410 981 444; x_wconf 87' lang='lat' dir='ltr'><strong>movet</strong></span> <span class='ocrx_word' id='word_1_23' title='bbox 1012 411 1079 453; x_wconf 85' lang='lat' dir='ltr'><strong>est</strong></span> <span class='ocrx_word' id='word_1_24' title='bbox 1113 408 1289 447; x_wconf 79' lang='lat' dir='ltr'><strong>materia.</strong></span> <span class='ocrx_word' id='word_1_25' title='bbox 1344 410 1516 450; x_wconf 85' lang='lat' dir='ltr'><strong>Omnino</strong></span> <span class='ocrx_word' id='word_1_26' title='bbox 1543 411 1618 450; x_wconf 81' lang='lat' dir='ltr'><strong>for-</strong></span> 
     </span>
     <span class='ocr_line' id='line_1_5' title="bbox 202 471 1615 532; baseline 0.004 -19"><span class='ocrx_word' id='word_1_27' title='bbox 202 487 301 524; x_wconf 85' lang='lat' dir='ltr'><strong>mae,</strong></span> <span class='ocrx_word' id='word_1_28' title='bbox 330 477 436 512; x_wconf 88' lang='lat' dir='ltr'><strong>certe</strong></span> <span class='ocrx_word' id='word_1_29' title='bbox 464 484 595 511; x_wconf 87' lang='lat' dir='ltr'><strong>rerum</strong></span> <span class='ocrx_word' id='word_1_30' title='bbox 623 483 724 524; x_wconf 90' lang='lat' dir='ltr'><strong>quae</strong></span> <span class='ocrx_word' id='word_1_31' title='bbox 751 471 853 510; x_wconf 87' lang='lat' dir='ltr'><strong>ortui</strong></span> <span class='ocrx_word' id='word_1_32' title='bbox 883 476 922 511; x_wconf 88' lang='lat' dir='ltr'><strong>et</strong></span> <span class='ocrx_word' id='word_1_33' title='bbox 939 471 1114 513; x_wconf 87' lang='lat' dir='ltr'><strong>interitui</strong></span> <span class='ocrx_word' id='word_1_34' title='bbox 1138 479 1229 515; x_wconf 85' lang='lat' dir='ltr'><strong>sunt</strong></span> <span class='ocrx_word' id='word_1_35' title='bbox 1254 474 1462 528; x_wconf 74' lang='lat' dir='ltr'><strong>obnoxiae,</strong></span> <span class='ocrx_word' id='word_1_36' title='bbox 1489 476 1615 532; x_wconf 85' lang='lat' dir='ltr'><strong>requi-</strong></span> 
     </span>
     <span class='ocr_line' id='line_1_6' title="bbox 201 539 1614 591; baseline 0.004 -12"><span class='ocrx_word' id='word_1_37' title='bbox 201 548 292 580; x_wconf 85' lang='lat' dir='ltr'><strong>runt</strong></span> <span class='ocrx_word' id='word_1_38' title='bbox 325 539 530 578; x_wconf 83' lang='lat' dir='ltr'><strong>materiam</strong></span> <span class='ocrx_word' id='word_1_39' title='bbox 565 553 694 591; x_wconf 89' lang='lat' dir='ltr'><strong>neque</strong></span> <span class='ocrx_word' id='word_1_40' title='bbox 728 546 891 589; x_wconf 83' lang='lat' dir='ltr'><strong>possunt</strong></span> <span class='ocrx_word' id='word_1_41' title='bbox 925 554 972 579; x_wconf 86' lang='lat' dir='ltr'><strong>ea</strong></span> <span class='ocrx_word' id='word_1_42' title='bbox 1009 554 1155 579; x_wconf 85' lang='lat' dir='ltr'><strong>carere.</strong></span> <span class='ocrx_word' id='word_1_43' title='bbox 1210 542 1315 582; x_wconf 83' lang='lat' dir='ltr'><strong>Nam</strong></span> <span class='ocrx_word' id='word_1_44' title='bbox 1354 545 1519 583; x_wconf 85' lang='lat' dir='ltr'><strong>materia</strong></span> <span class='ocrx_word' id='word_1_45' title='bbox 1555 552 1614 584; x_wconf 83' lang='lat' dir='ltr'><strong>est</strong></span> 
     </span>
     <span class='ocr_line' id='line_1_7' title="bbox 199 605 1612 665; baseline 0.004 -17"><span class='ocrx_word' id='word_1_46' title='bbox 199 608 459 658; x_wconf 77' lang='lat' dir='ltr'><strong>substratum,</strong></span> <span class='ocrx_word' id='word_1_47' title='bbox 497 606 537 647; x_wconf 90' lang='lat' dir='ltr'><strong>in</strong></span> <span class='ocrx_word' id='word_1_48' title='bbox 573 620 651 660; x_wconf 91' lang='lat' dir='ltr'><strong>quo</strong></span> <span class='ocrx_word' id='word_1_49' title='bbox 688 605 836 647; x_wconf 84' lang='lat' dir='ltr'><strong>formae</strong></span> <span class='ocrx_word' id='word_1_50' title='bbox 875 611 914 647; x_wconf 90' lang='lat' dir='ltr'><strong>et</strong></span> <span class='ocrx_word' id='word_1_51' title='bbox 941 606 1118 649; x_wconf 90' lang='lat' dir='ltr'><strong>oriuntur</strong></span> <span class='ocrx_word' id='word_1_52' title='bbox 1145 613 1184 649; x_wconf 87' lang='lat' dir='ltr'><strong>et</strong></span> <span class='ocrx_word' id='word_1_53' title='bbox 1210 617 1376 664; x_wconf 87' lang='lat' dir='ltr'><strong>pereunt</strong></span> <span class='ocrx_word' id='word_1_54' title='bbox 1387 610 1429 665; x_wconf 86' lang='lat'><strong>¹).</strong></span> <span class='ocrx_word' id='word_1_55' title='bbox 1484 611 1612 662; x_wconf 84' lang='lat' dir='ltr'><strong>Quam</strong></span> 
     </span>
     <span class='ocr_line' id='line_1_8' title="bbox 197 673 1613 733; baseline 0.004 -18"><span class='ocrx_word' id='word_1_56' title='bbox 197 682 382 729; x_wconf 84' lang='lat' dir='ltr'><strong>quattuor</strong></span> <span class='ocrx_word' id='word_1_57' title='bbox 408 688 614 714; x_wconf 84' lang='lat' dir='ltr'><strong>causarum</strong></span> <span class='ocrx_word' id='word_1_58' title='bbox 632 673 735 711; x_wconf 74' lang='lat' dir='ltr'><strong>inter</strong></span> <span class='ocrx_word' id='word_1_59' title='bbox 751 687 793 712; x_wconf 87' lang='lat' dir='ltr'><strong>se</strong></span> <span class='ocrx_word' id='word_1_60' title='bbox 813 675 1141 715; x_wconf 83' lang='lat' dir='ltr'><strong>necessitudinem</strong></span> <span class='ocrx_word' id='word_1_61' title='bbox 1163 682 1205 715; x_wconf 88' lang='lat' dir='ltr'><strong>ut</strong></span> <span class='ocrx_word' id='word_1_62' title='bbox 1225 680 1444 718; x_wconf 74' lang='lat' dir='ltr'><strong>accuratius</strong></span> <span class='ocrx_word' id='word_1_63' title='bbox 1471 694 1613 733; x_wconf 85' lang='lat' dir='ltr'><strong>cogno·</strong></span> 
     </span>
     <span class='ocr_line' id='line_1_9' title="bbox 195 740 1611 798; baseline 0.004 -16"><span class='ocrx_word' id='word_1_64' title='bbox 195 758 364 793; x_wconf 78' lang='lat' dir='ltr'><strong>scamus,</strong></span> <span class='ocrx_word' id='word_1_65' title='bbox 392 742 486 782; x_wconf 82' lang='lat' dir='ltr'><strong>satis</strong></span> <span class='ocrx_word' id='word_1_66' title='bbox 512 754 598 780; x_wconf 87' lang='lat' dir='ltr'><strong>esse</strong></span> <span class='ocrx_word' id='word_1_67' title='bbox 625 740 738 780; x_wconf 80' lang='lat' dir='ltr'><strong>nobis</strong></span> <span class='ocrx_word' id='word_1_68' title='bbox 767 740 920 781; x_wconf 89' lang='lat' dir='ltr'><strong>videtur</strong></span> <span class='ocrx_word' id='word_1_69' title='bbox 945 742 1124 795; x_wconf 85' lang='lat' dir='ltr'><strong>proferre</strong></span> <span class='ocrx_word' id='word_1_70' title='bbox 1144 758 1192 784; x_wconf 88' lang='lat' dir='ltr'><strong>ea</strong></span> <span class='ocrx_word' id='word_1_71' title='bbox 1211 759 1313 798; x_wconf 86' lang='lat' dir='ltr'><strong>quae</strong></span> <span class='ocrx_word' id='word_1_72' title='bbox 1332 745 1381 785; x_wconf 88' lang='lat' dir='ltr'><strong>ab</strong></span> <span class='ocrx_word' id='word_1_73' title='bbox 1397 747 1611 787; x_wconf 82' lang='lat' dir='ltr'><strong>Aristotele</strong></span> 
     </span>
     <span class='ocr_line' id='line_1_10' title="bbox 196 807 1609 866; baseline 0.001 -14"><span class='ocrx_word' id='word_1_74' title='bbox 196 811 293 852; x_wconf 80' lang='lat' dir='ltr'><strong>Met.</strong></span> <span class='ocrx_word' id='word_1_75' title='bbox 324 812 368 861; x_wconf 88' lang='lat' dir='ltr'><strong>Z,</strong></span> <span class='ocrx_word' id='word_1_76' title='bbox 399 813 420 850; x_wconf 83' lang='lat'>7</span> <span class='ocrx_word' id='word_1_77' title='bbox 450 810 708 863; x_wconf 85' lang='lat' dir='ltr'><strong>disputantur.</strong></span> <span class='ocrx_word' id='word_1_78' title='bbox 762 807 890 848; x_wconf 83' lang='lat' dir='ltr'><strong>Versu</strong></span> <span class='ocrx_word' id='word_1_79' title='bbox 929 809 1031 849; x_wconf 86' lang='lat' dir='ltr'><strong>enim</strong></span> <span class='ocrx_word' id='word_1_80' title='bbox 1066 811 1167 851; x_wconf 80' lang='lat'>1032</span> <span class='ocrx_word' id='word_1_81' title='bbox 1193 826 1218 851; x_wconf 86' lang='lat' dir='ltr'><strong>a</strong></span> <span class='ocrx_word' id='word_1_82' title='bbox 1245 813 1292 852; x_wconf 89' lang='lat'><strong>13</strong></span> <span class='ocrx_word' id='word_1_83' title='bbox 1328 812 1538 866; x_wconf 81' lang='lat' dir='ltr'><strong>Stagirites</strong></span> <span class='ocrx_word' id='word_1_84' title='bbox 1570 814 1609 854; x_wconf 85' lang='lat' dir='ltr'><strong>in</strong></span> 
     </span>
     <span class='ocr_line' id='line_1_11' title="bbox 197 876 1610 934; baseline 0.002 -15"><span class='ocrx_word' id='word_1_85' title='bbox 197 879 336 933; x_wconf 83' lang='lat' dir='ltr'><strong>quovis</strong></span> <span class='ocrx_word' id='word_1_86' title='bbox 375 876 655 932; x_wconf 82' lang='lat' dir='ltr'><strong>procreationis</strong></span> <span class='ocrx_word' id='word_1_87' title='bbox 689 889 837 928; x_wconf 87' lang='lat' dir='ltr'><strong>genere</strong></span> <span class='ocrx_word' id='word_1_88' title='bbox 865 876 919 916; x_wconf 87' lang='lat' dir='ltr'><strong>ait</strong></span> <span class='ocrx_word' id='word_1_89' title='bbox 946 878 1020 917; x_wconf 89' lang='lat' dir='ltr'><strong>tria</strong></span> <span class='ocrx_word' id='word_1_90' title='bbox 1049 893 1135 919; x_wconf 88' lang='lat' dir='ltr'><strong>esse</strong></span> <span class='ocrx_word' id='word_1_91' title='bbox 1165 879 1458 934; x_wconf 80' lang='lat' dir='ltr'><strong>distinguenda:</strong></span> <span class='ocrx_word' id='word_1_92' title='bbox 1493 882 1532 922; x_wconf 89' lang='lat' dir='ltr'><strong>id</strong></span> <span class='ocrx_word' id='word_1_93' title='bbox 1560 896 1610 922; x_wconf 81' lang='lat' dir='ltr'><strong>ex</strong></span> 
     </span>
     <span class='ocr_line' id='line_1_12' title="bbox 195 936 1607 1003; baseline 0.002 -16"><span class='ocrx_word' id='word_1_94' title='bbox 195 962 272 1001; x_wconf 92' lang='lat' dir='ltr'><strong>quo</strong></span> <span class='ocrx_word' id='word_1_95' title='bbox 301 947 395 1001; x_wconf 92' lang='lat' dir='ltr'><strong>quid</strong></span> <span class='ocrx_word' id='word_1_96' title='bbox 422 943 576 996; x_wconf 46' lang='lat' dir='ltr'><strong>fiatsvd</strong></span> <span class='ocrx_word' id='word_1_97' title='bbox 605 942 652 993; x_wconf 75' lang='grc' dir='ltr'><strong>ἓξ</strong></span> <span class='ocrx_word' id='word_1_98' title='bbox 677 936 736 994; x_wconf 77' lang='grc' dir='ltr'><strong>οὗ,</strong></span> <span class='ocrx_word' id='word_1_99' title='bbox 764 943 805 983; x_wconf 84' lang='lat' dir='ltr'><strong>id</strong></span> <span class='ocrx_word' id='word_1_100' title='bbox 833 960 855 984; x_wconf 90' lang='lat' dir='ltr'><strong>a</strong></span> <span class='ocrx_word' id='word_1_101' title='bbox 884 960 961 998; x_wconf 91' lang='lat' dir='ltr'><strong>quo</strong></span> <span class='ocrx_word' id='word_1_102' title='bbox 989 946 1083 1000; x_wconf 86' lang='lat' dir='ltr'><strong>quid</strong></span> <span class='ocrx_word' id='word_1_103' title='bbox 1109 947 1188 998; x_wconf 84' lang='lat' dir='ltr'><strong>fiat,</strong></span> <span class='ocrx_word' id='word_1_104' title='bbox 1216 948 1264 990; x_wconf 80' lang='grc' dir='ltr'><strong>τὸ</strong></span> <span class='ocrx_word' id='word_1_105' title='bbox 1292 944 1369 1003; x_wconf 76' lang='grc' dir='ltr'><strong>ὕφ’</strong></span> <span class='ocrx_word' id='word_1_106' title='bbox 1400 942 1462 999; x_wconf 74' lang='grc' dir='ltr'><strong>οὗ,</strong></span> <span class='ocrx_word' id='word_1_107' title='bbox 1489 956 1607 1003; x_wconf 83' lang='lat' dir='ltr'><strong>atque</strong></span> 
     </span>
     <span class='ocr_line' id='line_1_13' title="bbox 194 1011 755 1069; baseline -0.004 -14"><span class='ocrx_word' id='word_1_108' title='bbox 194 1015 232 1055; x_wconf 88' lang='lat' dir='ltr'><strong>id</strong></span> <span class='ocrx_word' id='word_1_109' title='bbox 263 1015 369 1069; x_wconf 92' lang='lat' dir='ltr'><strong>quod</strong></span> <span class='ocrx_word' id='word_1_110' title='bbox 397 1015 491 1069; x_wconf 91' lang='lat' dir='ltr'><strong>quid</strong></span> <span class='ocrx_word' id='word_1_111' title='bbox 519 1014 600 1064; x_wconf 84' lang='lat' dir='ltr'><strong>fiat,</strong></span> <span class='ocrx_word' id='word_1_112' title='bbox 627 1012 675 1054; x_wconf 85' lang='grc' dir='ltr'><strong>τὸ</strong></span> <span class='ocrx_word' id='word_1_113' title='bbox 701 1011 755 1054; x_wconf 84' lang='grc' dir='ltr'><strong>τί.</strong></span> 
     </span>
    </p>

    <p class='ocr_par' dir='ltr' id='par_1_4' title="bbox 185 1081 1607 2019">
     <span class='ocr_line' id='line_1_14' title="bbox 300 1081 1607 1136; baseline 0.002 -13"><span class='ocrx_word' id='word_1_114' title='bbox 300 1084 361 1123; x_wconf 83' lang='grc' dir='ltr'><strong>Αο</strong></span> <span class='ocrx_word' id='word_1_115' title='bbox 395 1083 563 1136; x_wconf 87' lang='lat' dir='ltr'><strong>primum</strong></span> <span class='ocrx_word' id='word_1_116' title='bbox 593 1081 750 1135; x_wconf 88' lang='lat' dir='ltr'><strong>quidem</strong></span> <span class='ocrx_word' id='word_1_117' title='bbox 785 1082 1002 1121; x_wconf 84' lang='lat' dir='ltr'><strong>naturalem</strong></span> <span class='ocrx_word' id='word_1_118' title='bbox 1035 1084 1329 1134; x_wconf 83' lang='lat' dir='ltr'><strong>generationem</strong></span> <span class='ocrx_word' id='word_1_119' title='bbox 1358 1086 1607 1125; x_wconf 82' lang='lat' dir='ltr'><strong>considerare</strong></span> 
     </span>
     <span class='ocr_line' id='line_1_15' title="bbox 192 1148 1605 1205; baseline 0 -13"><span class='ocrx_word' id='word_1_120' title='bbox 192 1152 320 1192; x_wconf 86' lang='lat' dir='ltr'><strong>liceat.</strong></span> <span class='ocrx_word' id='word_1_121' title='bbox 377 1151 564 1191; x_wconf 88' lang='lat' dir='ltr'><strong>Videmus</strong></span> <span class='ocrx_word' id='word_1_122' title='bbox 593 1155 737 1199; x_wconf 87' lang='lat' dir='ltr'><strong>autem,</strong></span> <span class='ocrx_word' id='word_1_123' title='bbox 765 1155 807 1189; x_wconf 92' lang='lat' dir='ltr'><strong>ut</strong></span> <span class='ocrx_word' id='word_1_124' title='bbox 827 1148 921 1202; x_wconf 87' lang='lat' dir='ltr'><strong>quid</strong></span> <span class='ocrx_word' id='word_1_125' title='bbox 940 1151 1063 1202; x_wconf 82' lang='lat' dir='ltr'><strong>possit</strong></span> <span class='ocrx_word' id='word_1_126' title='bbox 1081 1150 1184 1200; x_wconf 89' lang='lat' dir='ltr'><strong>oriri,</strong></span> <span class='ocrx_word' id='word_1_127' title='bbox 1213 1165 1310 1205; x_wconf 87' lang='lat' dir='ltr'><strong>opus</strong></span> <span class='ocrx_word' id='word_1_128' title='bbox 1330 1167 1417 1193; x_wconf 82' lang='lat' dir='ltr'><strong>esse</strong></span> <span class='ocrx_word' id='word_1_129' title='bbox 1434 1153 1605 1194; x_wconf 88' lang='lat' dir='ltr'><strong>duobus:</strong></span> 
     </span>
     <span class='ocr_line' id='line_1_16' title="bbox 193 1208 1605 1275; baseline 0.001 -17"><span class='ocrx_word' id='word_1_130' title='bbox 193 1232 239 1258; x_wconf 91' lang='lat' dir='ltr'><strong>eo</strong></span> <span class='ocrx_word' id='word_1_131' title='bbox 268 1233 318 1258; x_wconf 86' lang='lat' dir='ltr'><strong>ex</strong></span> <span class='ocrx_word' id='word_1_132' title='bbox 347 1233 437 1272; x_wconf 87' lang='lat' dir='ltr'><strong>quo,</strong></span> <span class='ocrx_word' id='word_1_133' title='bbox 464 1218 521 1270; x_wconf 78' lang='grc' dir='ltr'><strong>τῷ</strong></span> <span class='ocrx_word' id='word_1_134' title='bbox 537 1215 582 1262; x_wconf 78' lang='grc' dir='ltr'><strong>ἐξ</strong></span> <span class='ocrx_word' id='word_1_135' title='bbox 594 1208 657 1266; x_wconf 74' lang='grc' dir='ltr'><strong>οὗ,</strong></span> <span class='ocrx_word' id='word_1_136' title='bbox 687 1222 726 1255; x_wconf 85' lang='lat' dir='ltr'><strong>et</strong></span> <span class='ocrx_word' id='word_1_137' title='bbox 754 1230 799 1256; x_wconf 90' lang='lat' dir='ltr'><strong>eo</strong></span> <span class='ocrx_word' id='word_1_138' title='bbox 819 1230 842 1255; x_wconf 87' lang='lat' dir='ltr'><strong>a</strong></span> <span class='ocrx_word' id='word_1_139' title='bbox 863 1230 952 1269; x_wconf 90' lang='lat' dir='ltr'><strong>qu0‚</strong></span> <span class='ocrx_word' id='word_1_140' title='bbox 980 1218 1038 1269; x_wconf 70' lang='grc' dir='ltr'><strong>τιῖ</strong></span> <span class='ocrx_word' id='word_1_141' title='bbox 1063 1213 1133 1271; x_wconf 73' lang='grc' dir='ltr'><strong>ὑφ’</strong></span> <span class='ocrx_word' id='word_1_142' title='bbox 1164 1210 1226 1259; x_wconf 76' lang='grc' dir='ltr'><strong>οὗ.</strong></span> <span class='ocrx_word' id='word_1_143' title='bbox 1268 1219 1446 1268; x_wconf 84' lang='lat' dir='ltr'><strong>Quorum</strong></span> <span class='ocrx_word' id='word_1_144' title='bbox 1474 1221 1605 1275; x_wconf 86' lang='lat' dir='ltr'><strong>priore</strong></span> 
     </span>
     <span class='ocr_line' id='line_1_17' title="bbox 192 1283 1605 1339; baseline 0 -13"><span class='ocrx_word' id='word_1_145' title='bbox 192 1302 282 1326; x_wconf 92' lang='lat' dir='ltr'><strong>cum</strong></span> <span class='ocrx_word' id='word_1_146' title='bbox 310 1285 553 1338; x_wconf 87' lang='lat' dir='ltr'><strong>significetur</strong></span> <span class='ocrx_word' id='word_1_147' title='bbox 582 1283 761 1333; x_wconf 82' lang='lat' dir='ltr'><strong>materia,</strong></span> <span class='ocrx_word' id='word_1_148' title='bbox 791 1298 836 1322; x_wconf 91' lang='lat' dir='ltr'><strong>eo</strong></span> <span class='ocrx_word' id='word_1_149' title='bbox 865 1298 888 1323; x_wconf 86' lang='lat' dir='ltr'><strong>a</strong></span> <span class='ocrx_word' id='word_1_150' title='bbox 915 1299 992 1337; x_wconf 93' lang='lat' dir='ltr'><strong>quo</strong></span> <span class='ocrx_word' id='word_1_151' title='bbox 1019 1285 1063 1324; x_wconf 88' lang='lat' dir='ltr'><strong>fit</strong></span> <span class='ocrx_word' id='word_1_152' title='bbox 1080 1285 1121 1325; x_wconf 91' lang='lat' dir='ltr'><strong>id</strong></span> <span class='ocrx_word' id='word_1_153' title='bbox 1141 1285 1246 1339; x_wconf 90' lang='lat' dir='ltr'><strong>quod</strong></span> <span class='ocrx_word' id='word_1_154' title='bbox 1272 1287 1396 1327; x_wconf 89' lang='lat' dir='ltr'><strong>oritur</strong></span> <span class='ocrx_word' id='word_1_155' title='bbox 1422 1293 1501 1328; x_wconf 84' lang='lat' dir='ltr'><strong>tres</strong></span> <span class='ocrx_word' id='word_1_156' title='bbox 1521 1287 1605 1327; x_wconf 88' lang='lat' dir='ltr'><strong>reli-</strong></span> 
     </span>
     <span class='ocr_line' id='line_1_18' title="bbox 191 1350 1605 1408; baseline 0.002 -14"><span class='ocrx_word' id='word_1_157' title='bbox 191 1368 293 1407; x_wconf 85' lang='lat' dir='ltr'><strong>quae</strong></span> <span class='ocrx_word' id='word_1_158' title='bbox 322 1360 478 1408; x_wconf 87' lang='lat' dir='ltr'><strong>praeter</strong></span> <span class='ocrx_word' id='word_1_159' title='bbox 506 1350 711 1392; x_wconf 85' lang='lat' dir='ltr'><strong>materiam</strong></span> <span class='ocrx_word' id='word_1_160' title='bbox 740 1365 883 1391; x_wconf 83' lang='lat' dir='ltr'><strong>causae</strong></span> <span class='ocrx_word' id='word_1_161' title='bbox 921 1354 1196 1393; x_wconf 85' lang='lat' dir='ltr'><strong>contineantur</strong></span> <span class='ocrx_word' id='word_1_162' title='bbox 1229 1368 1388 1396; x_wconf 86' lang='lat' dir='ltr'><strong>necesse</strong></span> <span class='ocrx_word' id='word_1_163' title='bbox 1417 1362 1488 1396; x_wconf 84' lang='lat' dir='ltr'><strong>est.</strong></span> <span class='ocrx_word' id='word_1_164' title='bbox 1544 1359 1605 1397; x_wconf 93' lang='lat' dir='ltr'><strong>Ac</strong></span> 
     </span>
     <span class='ocr_line' id='line_1_19' title="bbox 189 1419 1605 1476; baseline 0.003 -15"><span class='ocrx_word' id='word_1_165' title='bbox 189 1421 358 1476; x_wconf 82' lang='lat' dir='ltr'><strong>primum</strong></span> <span class='ocrx_word' id='word_1_166' title='bbox 387 1420 546 1475; x_wconf 89' lang='lat' dir='ltr'><strong>quidem</strong></span> <span class='ocrx_word' id='word_1_167' title='bbox 573 1420 613 1459; x_wconf 91' lang='lat' dir='ltr'><strong>in</strong></span> <span class='ocrx_word' id='word_1_168' title='bbox 643 1434 688 1460; x_wconf 87' lang='lat' dir='ltr'><strong>eo</strong></span> <span class='ocrx_word' id='word_1_169' title='bbox 716 1419 819 1459; x_wconf 87' lang='lat' dir='ltr'><strong>inest</strong></span> <span class='ocrx_word' id='word_1_170' title='bbox 847 1434 965 1460; x_wconf 86' lang='lat' dir='ltr'><strong>causa</strong></span> <span class='ocrx_word' id='word_1_171' title='bbox 986 1422 1171 1462; x_wconf 84' lang='lat' dir='ltr'><strong>formalis.</strong></span> <span class='ocrx_word' id='word_1_172' title='bbox 1226 1422 1329 1463; x_wconf 88' lang='lat' dir='ltr'><strong>Nam</strong></span> <span class='ocrx_word' id='word_1_173' title='bbox 1350 1424 1465 1464; x_wconf 90' lang='lat' dir='ltr'><strong>homo</strong></span> <span class='ocrx_word' id='word_1_174' title='bbox 1486 1424 1605 1465; x_wconf 89' lang='lat' dir='ltr'><strong>homi-</strong></span> 
     </span>
     <span class='ocr_line' id='line_1_20' title="bbox 189 1488 1602 1547; baseline 0.003 -17"><span class='ocrx_word' id='word_1_175' title='bbox 189 1504 278 1530; x_wconf 90' lang='lat' dir='ltr'><strong>nem</strong></span> <span class='ocrx_word' id='word_1_176' title='bbox 306 1496 489 1543; x_wconf 88' lang='lat' dir='ltr'><strong>procreat</strong></span> <span class='ocrx_word' id='word_1_177' title='bbox 516 1495 556 1528; x_wconf 88' lang='lat' dir='ltr'><strong>et</strong></span> <span class='ocrx_word' id='word_1_178' title='bbox 583 1488 759 1541; x_wconf 88' lang='lat' dir='ltr'><strong>plantam</strong></span> <span class='ocrx_word' id='word_1_179' title='bbox 786 1488 941 1540; x_wconf 85' lang='lat' dir='ltr'><strong>planta,</strong></span> <span class='ocrx_word' id='word_1_180' title='bbox 970 1495 1088 1542; x_wconf 89' lang='lat' dir='ltr'><strong>atque</strong></span> <span class='ocrx_word' id='word_1_181' title='bbox 1117 1490 1274 1531; x_wconf 89' lang='lat' dir='ltr'><strong>omnino</strong></span> <span class='ocrx_word' id='word_1_182' title='bbox 1307 1493 1602 1547; x_wconf 84' lang='lat' dir='ltr'><strong>unumquidque</strong></span> 
     </span>
     <span class='ocr_line' id='line_1_21' title="bbox 189 1554 1600 1610; baseline 0.003 -14"><span class='ocrx_word' id='word_1_183' title='bbox 189 1557 318 1610; x_wconf 85' lang='lat' dir='ltr'><strong>gignit</strong></span> <span class='ocrx_word' id='word_1_184' title='bbox 359 1557 436 1596; x_wconf 85' lang='lat' dir='ltr'><strong>tale</strong></span> <span class='ocrx_word' id='word_1_185' title='bbox 469 1556 584 1610; x_wconf 86' lang='lat' dir='ltr'><strong>quale</strong></span> <span class='ocrx_word' id='word_1_186' title='bbox 626 1562 685 1595; x_wconf 83' lang='lat' dir='ltr'><strong>est</strong></span> <span class='ocrx_word' id='word_1_187' title='bbox 726 1554 908 1609; x_wconf 80' lang='lat' dir='ltr'><strong>ipsum&#39;).</strong></span> <span class='ocrx_word' id='word_1_188' title='bbox 964 1556 1120 1596; x_wconf 86' lang='lat' dir='ltr'><strong>Deinde</strong></span> <span class='ocrx_word' id='word_1_189' title='bbox 1160 1557 1262 1597; x_wconf 89' lang='lat' dir='ltr'><strong>inest</strong></span> <span class='ocrx_word' id='word_1_190' title='bbox 1305 1573 1422 1600; x_wconf 86' lang='lat' dir='ltr'><strong>causa</strong></span> <span class='ocrx_word' id='word_1_191' title='bbox 1462 1560 1600 1600; x_wconf 86' lang='lat' dir='ltr'><strong>finalis.</strong></span> 
     </span>
     <span class='ocr_line' id='line_1_22' title="bbox 190 1623 1603 1682; baseline 0.004 -18"><span class='ocrx_word' id='word_1_192' title='bbox 190 1623 368 1677; x_wconf 83' lang='lat' dir='ltr'><strong>Gignere</strong></span> <span class='ocrx_word' id='word_1_193' title='bbox 397 1625 499 1663; x_wconf 90' lang='lat' dir='ltr'><strong>enim</strong></span> <span class='ocrx_word' id='word_1_194' title='bbox 518 1638 597 1663; x_wconf 91' lang='lat' dir='ltr'><strong>non</strong></span> <span class='ocrx_word' id='word_1_195' title='bbox 618 1629 749 1677; x_wconf 85' lang='lat' dir='ltr'><strong>potest</strong></span> <span class='ocrx_word' id='word_1_196' title='bbox 775 1629 927 1673; x_wconf 86' lang='lat' dir='ltr'><strong>natura,</strong></span> <span class='ocrx_word' id='word_1_197' title='bbox 954 1624 1028 1663; x_wconf 88' lang='lat' dir='ltr'><strong>nisi</strong></span> <span class='ocrx_word' id='word_1_198' title='bbox 1057 1639 1158 1678; x_wconf 87' lang='lat' dir='ltr'><strong>quae</strong></span> <span class='ocrx_word' id='word_1_199' title='bbox 1186 1625 1264 1666; x_wconf 91' lang='lat' dir='ltr'><strong>iam</strong></span> <span class='ocrx_word' id='word_1_200' title='bbox 1291 1629 1466 1679; x_wconf 89' lang='lat' dir='ltr'><strong>perfecta</strong></span> <span class='ocrx_word' id='word_1_201' title='bbox 1484 1635 1603 1682; x_wconf 88' lang='lat' dir='ltr'><strong>atque</strong></span> 
     </span>
     <span class='ocr_line' id='line_1_23' title="bbox 187 1689 1600 1746; baseline 0.002 -14"><span class='ocrx_word' id='word_1_202' title='bbox 187 1692 367 1732; x_wconf 84' lang='lat' dir='ltr'><strong>absoluta</strong></span> <span class='ocrx_word' id='word_1_203' title='bbox 394 1693 456 1742; x_wconf 84' lang='lat' dir='ltr'><strong>sit,</strong></span> <span class='ocrx_word' id='word_1_204' title='bbox 484 1692 517 1731; x_wconf 89' lang='lat' dir='ltr'><strong>is</strong></span> <span class='ocrx_word' id='word_1_205' title='bbox 546 1698 678 1731; x_wconf 90' lang='lat' dir='ltr'><strong>autem</strong></span> <span class='ocrx_word' id='word_1_206' title='bbox 706 1695 831 1729; x_wconf 85' lang='lat' dir='ltr'><strong>status</strong></span> <span class='ocrx_word' id='word_1_207' title='bbox 861 1689 976 1730; x_wconf 86' lang='lat' dir='ltr'><strong>etiam</strong></span> <span class='ocrx_word' id='word_1_208' title='bbox 997 1690 1031 1731; x_wconf 90' lang='lat' dir='ltr'><strong>ei</strong></span> <span class='ocrx_word' id='word_1_209' title='bbox 1050 1691 1155 1745; x_wconf 90' lang='lat' dir='ltr'><strong>quod</strong></span> <span class='ocrx_word' id='word_1_210' title='bbox 1183 1701 1396 1746; x_wconf 87' lang='lat' dir='ltr'><strong>generatur</strong></span> <span class='ocrx_word' id='word_1_211' title='bbox 1425 1703 1483 1734; x_wconf 88' lang='lat' dir='ltr'><strong>est</strong></span> <span class='ocrx_word' id='word_1_212' title='bbox 1502 1710 1600 1735; x_wconf 87' lang='lat' dir='ltr'><strong>asse-</strong></span> 
     </span>
     <span class='ocr_line' id='line_1_24' title="bbox 187 1759 1604 1813; baseline 0.004 -14"><span class='ocrx_word' id='word_1_213' title='bbox 187 1760 365 1813; x_wconf 90' lang='lat' dir='ltr'><strong>quendus</strong></span> <span class='ocrx_word' id='word_1_214' title='bbox 377 1760 421 1812; x_wconf 81' lang='lat'><strong>³).</strong></span> <span class='ocrx_word' id='word_1_215' title='bbox 477 1760 662 1812; x_wconf 87' lang='lat' dir='ltr'><strong>Denique</strong></span> <span class='ocrx_word' id='word_1_216' title='bbox 700 1759 837 1798; x_wconf 85' lang='lat' dir='ltr'><strong>eadem</strong></span> <span class='ocrx_word' id='word_1_217' title='bbox 870 1767 1011 1799; x_wconf 89' lang='lat' dir='ltr'><strong>natura</strong></span> <span class='ocrx_word' id='word_1_218' title='bbox 1044 1759 1084 1798; x_wconf 92' lang='lat' dir='ltr'><strong>id</strong></span> <span class='ocrx_word' id='word_1_219' title='bbox 1119 1767 1178 1800; x_wconf 84' lang='lat' dir='ltr'><strong>est</strong></span> <span class='ocrx_word' id='word_1_220' title='bbox 1207 1762 1309 1802; x_wconf 92' lang='lat' dir='ltr'><strong>unde</strong></span> <span class='ocrx_word' id='word_1_221' title='bbox 1338 1769 1466 1803; x_wconf 89' lang='lat' dir='ltr'><strong>motus</strong></span> <span class='ocrx_word' id='word_1_222' title='bbox 1494 1778 1604 1804; x_wconf 86' lang='lat' dir='ltr'><strong>exor-</strong></span> 
     </span>
     <span class='ocr_line' id='line_1_25' title="bbox 185 1826 1603 1886; baseline 0.004 -19"><span class='ocrx_word' id='word_1_223' title='bbox 185 1828 274 1870; x_wconf 88' lang='lat' dir='ltr'><strong>itur.</strong></span> <span class='ocrx_word' id='word_1_224' title='bbox 328 1829 433 1869; x_wconf 88' lang='lat' dir='ltr'><strong>Nam</strong></span> <span class='ocrx_word' id='word_1_225' title='bbox 467 1841 601 1868; x_wconf 85' lang='lat' dir='ltr'><strong>semen</strong></span> <span class='ocrx_word' id='word_1_226' title='bbox 639 1826 743 1881; x_wconf 90' lang='lat' dir='ltr'><strong>quod</strong></span> <span class='ocrx_word' id='word_1_227' title='bbox 777 1827 869 1867; x_wconf 88' lang='lat' dir='ltr'><strong>inde</strong></span> <span class='ocrx_word' id='word_1_228' title='bbox 906 1828 1166 1882; x_wconf 84' lang='lat' dir='ltr'><strong>proficiscitur</strong></span> <span class='ocrx_word' id='word_1_229' title='bbox 1200 1835 1317 1883; x_wconf 87' lang='lat' dir='ltr'><strong>atque</strong></span> <span class='ocrx_word' id='word_1_230' title='bbox 1351 1829 1390 1870; x_wconf 90' lang='lat' dir='ltr'><strong>in</strong></span> <span class='ocrx_word' id='word_1_231' title='bbox 1425 1845 1502 1885; x_wconf 92' lang='lat' dir='ltr'><strong>quo</strong></span> <span class='ocrx_word' id='word_1_232' title='bbox 1536 1847 1603 1886; x_wconf 92' lang='lat' dir='ltr'><strong>po-</strong></span> 
     </span>
     <span class='ocr_line' id='line_1_26' title="bbox 185 1894 1602 1948; baseline 0.004 -14"><span class='ocrx_word' id='word_1_233' title='bbox 185 1896 310 1935; x_wconf 89' lang='lat' dir='ltr'><strong>tentia</strong></span> <span class='ocrx_word' id='word_1_234' title='bbox 336 1897 462 1935; x_wconf 84' lang='lat' dir='ltr'><strong>forma</strong></span> <span class='ocrx_word' id='word_1_235' title='bbox 487 1896 607 1942; x_wconf 84' lang='lat' dir='ltr'><strong>inest,</strong></span> <span class='ocrx_word' id='word_1_236' title='bbox 642 1894 681 1934; x_wconf 91' lang='lat' dir='ltr'><strong>h.</strong></span> <span class='ocrx_word' id='word_1_237' title='bbox 703 1910 735 1934; x_wconf 89' lang='lat' dir='ltr'><strong>e.</strong></span> <span class='ocrx_word' id='word_1_238' title='bbox 771 1896 811 1935; x_wconf 92' lang='lat' dir='ltr'><strong>in</strong></span> <span class='ocrx_word' id='word_1_239' title='bbox 840 1910 917 1948; x_wconf 93' lang='lat' dir='ltr'><strong>quo</strong></span> <span class='ocrx_word' id='word_1_240' title='bbox 944 1897 1000 1935; x_wconf 87' lang='lat' dir='ltr'><strong>ita</strong></span> <span class='ocrx_word' id='word_1_241' title='bbox 1026 1897 1140 1944; x_wconf 84' lang='lat' dir='ltr'><strong>inest,</strong></span> <span class='ocrx_word' id='word_1_242' title='bbox 1177 1903 1220 1936; x_wconf 90' lang='lat' dir='ltr'><strong>ut</strong></span> <span class='ocrx_word' id='word_1_243' title='bbox 1256 1897 1408 1938; x_wconf 84' lang='lat' dir='ltr'><strong>oriundi</strong></span> <span class='ocrx_word' id='word_1_244' title='bbox 1443 1907 1482 1938; x_wconf 89' lang='lat' dir='ltr'><strong>et</strong></span> <span class='ocrx_word' id='word_1_245' title='bbox 1520 1914 1602 1939; x_wconf 85' lang='lat' dir='ltr'><strong>cre-</strong></span> 
     </span>
     <span class='ocr_line' id='line_1_27' title="bbox 186 1962 1603 2019; baseline 0.003 -17"><span class='ocrx_word' id='word_1_246' title='bbox 186 1962 318 2003; x_wconf 83' lang='lat' dir='ltr'><strong>scendi</strong></span> <span class='ocrx_word' id='word_1_247' title='bbox 362 1963 412 2002; x_wconf 87' lang='lat' dir='ltr'><strong>sit</strong></span> <span class='ocrx_word' id='word_1_248' title='bbox 452 1963 517 2002; x_wconf 87' lang='lat' dir='ltr'><strong>lex</strong></span> <span class='ocrx_word' id='word_1_249' title='bbox 557 1977 602 2003; x_wconf 89' lang='lat' dir='ltr'><strong>ac</strong></span> <span class='ocrx_word' id='word_1_250' title='bbox 642 1976 800 2012; x_wconf 88' lang='lat' dir='ltr'><strong>norma,</strong></span> <span class='ocrx_word' id='word_1_251' title='bbox 844 1970 977 2004; x_wconf 87' lang='lat' dir='ltr'><strong>movet</strong></span> <span class='ocrx_word' id='word_1_252' title='bbox 1009 1965 1232 2016; x_wconf 84' lang='lat' dir='ltr'><strong>materiam,</strong></span> <span class='ocrx_word' id='word_1_253' title='bbox 1275 1966 1395 2006; x_wconf 88' lang='lat' dir='ltr'><strong>veluti</strong></span> <span class='ocrx_word' id='word_1_254' title='bbox 1436 1967 1475 2006; x_wconf 89' lang='lat' dir='ltr'><strong>in</strong></span> <span class='ocrx_word' id='word_1_255' title='bbox 1516 1980 1603 2019; x_wconf 89' lang='lat' dir='ltr'><strong>pro·</strong></span> 
     </span>
    </p>
   </div>
   <div class='ocr_carea' id='block_1_3' title="bbox 189 2050 434 2060">
    <p class='ocr_par' dir='ltr' id='par_1_5' title="bbox 189 2050 434 2060">
     <span class='ocr_line' id='line_1_28' title="bbox 189 2050 434 2060; baseline 0 0"><span class='ocrx_word' id='word_1_256' title='bbox 189 2050 434 2060; x_wconf 95' lang='lat' dir='ltr'><strong> </strong></span> 
     </span>
    </p>
   </div>
   <div class='ocr_carea' id='block_1_4' title="bbox 178 2103 1600 2682">
    <p class='ocr_par' dir='ltr' id='par_1_6' title="bbox 180 2103 1600 2359">
     <span class='ocr_line' id='line_1_29' title="bbox 276 2103 1600 2149; baseline 0.004 -13"><span class='ocrx_word' id='word_1_257' title='bbox 276 2106 297 2143; x_wconf 86' lang='lat'><strong>¹)</strong></span> <span class='ocrx_word' id='word_1_258' title='bbox 324 2106 371 2136; x_wconf 89' lang='lat' dir='ltr'><strong>De</strong></span> <span class='ocrx_word' id='word_1_259' title='bbox 394 2115 469 2146; x_wconf 87' lang='lat' dir='ltr'><strong>gen.</strong></span> <span class='ocrx_word' id='word_1_260' title='bbox 493 2109 524 2135; x_wconf 86' lang='lat' dir='ltr'><strong>et</strong></span> <span class='ocrx_word' id='word_1_261' title='bbox 548 2109 685 2145; x_wconf 88' lang='lat' dir='ltr'><strong>corrupt.</strong></span> <span class='ocrx_word' id='word_1_262' title='bbox 709 2105 734 2144; x_wconf 92' lang='lat'><strong>1,</strong></span> <span class='ocrx_word' id='word_1_263' title='bbox 761 2108 809 2137; x_wconf 85' lang='lat'><strong>10.</strong></span> <span class='ocrx_word' id='word_1_264' title='bbox 835 2107 896 2137; x_wconf 83' lang='grc'><strong>328</strong></span> <span class='ocrx_word' id='word_1_265' title='bbox 914 2105 934 2137; x_wconf 91' lang='lat' dir='ltr'>b</span> <span class='ocrx_word' id='word_1_266' title='bbox 952 2108 1004 2137; x_wconf 91' lang='lat'><strong>10:</strong></span> <span class='ocrx_word' id='word_1_267' title='bbox 1030 2103 1174 2148; x_wconf 79' lang='grc' dir='ltr'><strong>θάτερον</strong></span> <span class='ocrx_word' id='word_1_268' title='bbox 1194 2105 1260 2149; x_wconf 75' lang='grc' dir='ltr'><strong>μὲν</strong></span> <span class='ocrx_word' id='word_1_269' title='bbox 1281 2106 1433 2140; x_wconf 70' lang='grc' dir='ltr'><strong>δεκτικὸν</strong></span> <span class='ocrx_word' id='word_1_270' title='bbox 1457 2105 1600 2149; x_wconf 75' lang='grc' dir='ltr'><strong>θάτερον</strong></span> 
     </span>
     <span class='ocr_line' id='line_1_30' title="bbox 183 2156 1600 2204; baseline 0.004 -16"><span class='ocrx_word' id='word_1_271' title='bbox 183 2157 218 2188; x_wconf 79' lang='grc' dir='ltr'><strong>δ’</strong></span> <span class='ocrx_word' id='word_1_272' title='bbox 244 2157 343 2193; x_wconf 75' lang='grc' dir='ltr'><strong><em>εἶδος.</em></strong></span> <span class='ocrx_word' id='word_1_273' title='bbox 366 2160 392 2196; x_wconf 89' lang='grc' dir='ltr'><strong>Ι,</strong></span> <span class='ocrx_word' id='word_1_274' title='bbox 417 2162 446 2189; x_wconf 86' lang='lat'><strong>4.</strong></span> <span class='ocrx_word' id='word_1_275' title='bbox 472 2160 532 2189; x_wconf 82' lang='grc'><strong>320</strong></span> <span class='ocrx_word' id='word_1_276' title='bbox 549 2169 568 2188; x_wconf 82' lang='lat' dir='ltr'><strong>a</strong></span> <span class='ocrx_word' id='word_1_277' title='bbox 586 2161 620 2188; x_wconf 88' lang='lat'><strong>2:</strong></span> <span class='ocrx_word' id='word_1_278' title='bbox 644 2157 713 2189; x_wconf 82' lang='grc' dir='ltr'><strong><em>ἔστι</em></strong></span> <span class='ocrx_word' id='word_1_279' title='bbox 735 2157 772 2190; x_wconf 76' lang='grc' dir='ltr'><strong>δὲ</strong></span> <span class='ocrx_word' id='word_1_280' title='bbox 797 2156 857 2197; x_wconf 76' lang='grc' dir='ltr'><strong>ὕλη</strong></span> <span class='ocrx_word' id='word_1_281' title='bbox 881 2156 1028 2201; x_wconf 75' lang='grc' dir='ltr'><strong><em>μάλιστα</em></strong></span> <span class='ocrx_word' id='word_1_282' title='bbox 1050 2159 1116 2202; x_wconf 79' lang='grc' dir='ltr'><strong>μὲν</strong></span> <span class='ocrx_word' id='word_1_283' title='bbox 1139 2161 1197 2191; x_wconf 80' lang='grc' dir='ltr'><strong>καὶ</strong></span> <span class='ocrx_word' id='word_1_284' title='bbox 1219 2163 1341 2203; x_wconf 76' lang='grc' dir='ltr'><strong><em>κυρίως</em></strong></span> <span class='ocrx_word' id='word_1_285' title='bbox 1363 2160 1398 2193; x_wconf 85' lang='grc' dir='ltr'><strong>τὸ</strong></span> <span class='ocrx_word' id='word_1_286' title='bbox 1424 2158 1600 2204; x_wconf 79' lang='grc' dir='ltr'><strong><em>ὑποκείμε-</em></strong></span> 
     </span>
     <span class='ocr_line' id='line_1_31' title="bbox 182 2210 1600 2254; baseline 0.001 -10"><span class='ocrx_word' id='word_1_287' title='bbox 182 2222 243 2244; x_wconf 85' lang='grc' dir='ltr'><strong>νον</strong></span> <span class='ocrx_word' id='word_1_288' title='bbox 265 2213 429 2254; x_wconf 77' lang='grc' dir='ltr'><strong><em>γενέσεως</em></strong></span> <span class='ocrx_word' id='word_1_289' title='bbox 452 2211 510 2242; x_wconf 82' lang='grc' dir='ltr'><strong>καὶ</strong></span> <span class='ocrx_word' id='word_1_290' title='bbox 539 2210 677 2253; x_wconf 75' lang='grc' dir='ltr'><strong><em>φθορᾶς</em></strong></span> <span class='ocrx_word' id='word_1_291' title='bbox 705 2210 869 2245; x_wconf 79' lang='grc' dir='ltr'><strong><em>δεκτικόν.</em></strong></span> <span class='ocrx_word' id='word_1_292' title='bbox 909 2214 986 2245; x_wconf 84' lang='lat' dir='ltr'><strong>Met.</strong></span> <span class='ocrx_word' id='word_1_293' title='bbox 1010 2213 1046 2253; x_wconf 85' lang='lat' dir='ltr'><strong>Z,</strong></span> <span class='ocrx_word' id='word_1_294' title='bbox 1072 2216 1101 2246; x_wconf 84' lang='lat'><strong>7.</strong></span> <span class='ocrx_word' id='word_1_295' title='bbox 1127 2215 1207 2245; x_wconf 80' lang='lat'>1032</span> <span class='ocrx_word' id='word_1_296' title='bbox 1224 2225 1244 2246; x_wconf 77' lang='lat' dir='ltr'><strong>a</strong></span> <span class='ocrx_word' id='word_1_297' title='bbox 1260 2217 1317 2247; x_wconf 85' lang='lat'><strong>20:</strong></span> <span class='ocrx_word' id='word_1_298' title='bbox 1341 2211 1475 2249; x_wconf 78' lang='grc' dir='ltr'><strong>ἅπαντα</strong></span> <span class='ocrx_word' id='word_1_299' title='bbox 1499 2214 1537 2247; x_wconf 81' lang='grc' dir='ltr'><strong>δὲ</strong></span> <span class='ocrx_word' id='word_1_300' title='bbox 1559 2213 1600 2247; x_wconf 81' lang='grc' dir='ltr'><strong>τὰ</strong></span> 
     </span>
     <span class='ocr_line' id='line_1_32' title="bbox 180 2261 1600 2308; baseline 0.003 -13"><span class='ocrx_word' id='word_1_301' title='bbox 180 2264 369 2306; x_wconf 78' lang='grc' dir='ltr'><strong><em>γιγνόμενα</em></strong></span> <span class='ocrx_word' id='word_1_302' title='bbox 393 2262 412 2304; x_wconf 89' lang='grc' dir='ltr'>ἢ</span> <span class='ocrx_word' id='word_1_303' title='bbox 436 2262 539 2306; x_wconf 74' lang='grc' dir='ltr'><em>φύσει</em></span> <span class='ocrx_word' id='word_1_304' title='bbox 567 2261 587 2303; x_wconf 85' lang='grc' dir='ltr'>ἢ</span> <span class='ocrx_word' id='word_1_305' title='bbox 610 2265 706 2307; x_wconf 75' lang='grc' dir='ltr'><strong><em>τέχνῃ</em></strong></span> <span class='ocrx_word' id='word_1_306' title='bbox 736 2265 801 2306; x_wconf 82' lang='grc' dir='ltr'><em>ἔχει</em></span> <span class='ocrx_word' id='word_1_307' title='bbox 831 2264 923 2306; x_wconf 80' lang='grc' dir='ltr'><strong><em>ὕλην.</em></strong></span> <span class='ocrx_word' id='word_1_308' title='bbox 968 2268 1012 2306; x_wconf 85' lang='lat' dir='ltr'><strong>H,</strong></span> <span class='ocrx_word' id='word_1_309' title='bbox 1040 2270 1067 2300; x_wconf 87' lang='lat'><strong>1.</strong></span> <span class='ocrx_word' id='word_1_310' title='bbox 1093 2270 1174 2299; x_wconf 82' lang='lat'><strong>1042</strong></span> <span class='ocrx_word' id='word_1_311' title='bbox 1191 2271 1280 2300; x_wconf 66' lang='lat'>⁸25:</span> <span class='ocrx_word' id='word_1_312' title='bbox 1311 2269 1347 2300; x_wconf 78' lang='grc' dir='ltr'><strong>αἱ</strong></span> <span class='ocrx_word' id='word_1_313' title='bbox 1376 2266 1410 2299; x_wconf 76' lang='grc' dir='ltr'><strong>δ”</strong></span> <span class='ocrx_word' id='word_1_314' title='bbox 1441 2269 1600 2308; x_wconf 75' lang='grc' dir='ltr'><strong><em>αἰσθηταὶ</em></strong></span> 
     </span>
     <span class='ocr_line' id='line_1_33' title="bbox 182 2315 708 2359; baseline -0.002 -10"><span class='ocrx_word' id='word_1_315' title='bbox 182 2315 297 2350; x_wconf 81' lang='grc' dir='ltr'><strong><em>οὐσίαι</em></strong></span> <span class='ocrx_word' id='word_1_316' title='bbox 321 2319 429 2350; x_wconf 82' lang='grc' dir='ltr'><strong><em>πᾶσαι</em></strong></span> <span class='ocrx_word' id='word_1_317' title='bbox 453 2315 536 2358; x_wconf 77' lang='grc' dir='ltr'><strong>ὕλην</strong></span> <span class='ocrx_word' id='word_1_318' title='bbox 559 2318 708 2359; x_wconf 82' lang='grc' dir='ltr'><strong><em>ἔχουσιν.</em></strong></span> 
     </span>
    </p>

    <p class='ocr_par' dir='ltr' id='par_1_7' title="bbox 178 2372 1599 2524">
     <span class='ocr_line' id='line_1_34' title="bbox 274 2372 1599 2416; baseline 0.003 -13"><span class='ocrx_word' id='word_1_319' title='bbox 274 2374 295 2410; x_wconf 83' lang='lat'><strong>²)</strong></span> <span class='ocrx_word' id='word_1_320' title='bbox 319 2374 368 2403; x_wconf 91' lang='lat' dir='ltr'><strong>De</strong></span> <span class='ocrx_word' id='word_1_321' title='bbox 391 2374 486 2404; x_wconf 82' lang='lat' dir='ltr'><strong>anim.</strong></span> <span class='ocrx_word' id='word_1_322' title='bbox 511 2373 554 2411; x_wconf 84' lang='lat'><strong>11,</strong></span> <span class='ocrx_word' id='word_1_323' title='bbox 579 2375 608 2402; x_wconf 85' lang='lat'><strong>4.</strong></span> <span class='ocrx_word' id='word_1_324' title='bbox 635 2375 697 2402; x_wconf 85' lang='lat'><strong>415</strong></span> <span class='ocrx_word' id='word_1_325' title='bbox 715 2383 734 2403; x_wconf 79' lang='lat' dir='ltr'><strong>a</strong></span> <span class='ocrx_word' id='word_1_326' title='bbox 751 2375 806 2405; x_wconf 83' lang='lat'><strong>26:</strong></span> <span class='ocrx_word' id='word_1_327' title='bbox 831 2372 1068 2414; x_wconf 72' lang='grc' dir='ltr'><strong><em>φυσικώτατον</em></strong></span> <span class='ocrx_word' id='word_1_328' title='bbox 1089 2373 1156 2416; x_wconf 80' lang='grc' dir='ltr'><strong>γὰρ</strong></span> <span class='ocrx_word' id='word_1_329' title='bbox 1178 2376 1244 2407; x_wconf 79' lang='grc' dir='ltr'><strong>τῶν</strong></span> <span class='ocrx_word' id='word_1_330' title='bbox 1267 2376 1376 2416; x_wconf 75' lang='grc' dir='ltr'><strong><em>ἔργων</em></strong></span> <span class='ocrx_word' id='word_1_331' title='bbox 1399 2378 1467 2411; x_wconf 81' lang='grc' dir='ltr'><strong><em>τοῖς</em></strong></span> <span class='ocrx_word' id='word_1_332' title='bbox 1489 2376 1599 2415; x_wconf 76' lang='grc' dir='ltr'><strong><em>ζῶσιν,</em></strong></span> 
     </span>
     <span class='ocr_line' id='line_1_35' title="bbox 178 2422 1598 2471; baseline 0.003 -15"><span class='ocrx_word' id='word_1_333' title='bbox 178 2422 243 2456; x_wconf 82' lang='grc' dir='ltr'><strong>ὅσα</strong></span> <span class='ocrx_word' id='word_1_334' title='bbox 267 2426 376 2457; x_wconf 82' lang='grc' dir='ltr'><strong><em>τέλεια</em></strong></span> <span class='ocrx_word' id='word_1_335' title='bbox 406 2426 463 2457; x_wconf 78' lang='grc' dir='ltr'><strong>καὶ</strong></span> <span class='ocrx_word' id='word_1_336' title='bbox 491 2424 538 2468; x_wconf 82' lang='grc' dir='ltr'><strong>μὴ</strong></span> <span class='ocrx_word' id='word_1_337' title='bbox 569 2422 775 2468; x_wconf 82' lang='grc' dir='ltr'><strong><em>πηρώματα,</em></strong></span> <span class='ocrx_word' id='word_1_338' title='bbox 803 2423 822 2468; x_wconf 88' lang='grc' dir='ltr'>ἢ</span> <span class='ocrx_word' id='word_1_339' title='bbox 845 2426 904 2468; x_wconf 84' lang='grc' dir='ltr'><strong>τὴν</strong></span> <span class='ocrx_word' id='word_1_340' title='bbox 926 2428 1060 2469; x_wconf 80' lang='grc' dir='ltr'><strong><em>γένεσιν</em></strong></span> <span class='ocrx_word' id='word_1_341' title='bbox 1084 2425 1275 2471; x_wconf 76' lang='grc' dir='ltr'><strong><em>αὐτομάτην</em></strong></span> <span class='ocrx_word' id='word_1_342' title='bbox 1298 2427 1377 2470; x_wconf 77' lang='grc' dir='ltr'><strong><em>ἔχει,</em></strong></span> <span class='ocrx_word' id='word_1_343' title='bbox 1401 2427 1437 2460; x_wconf 90' lang='grc' dir='ltr'><strong>τὸ</strong></span> <span class='ocrx_word' id='word_1_344' title='bbox 1461 2428 1598 2469; x_wconf 84' lang='grc' dir='ltr'><strong><em>ποιῆσαι</em></strong></span> 
     </span>
     <span class='ocr_line' id='line_1_36' title="bbox 178 2476 1162 2524; baseline 0.002 -13"><span class='ocrx_word' id='word_1_345' title='bbox 178 2479 291 2522; x_wconf 75' lang='grc' dir='ltr'><strong><em>ἕτερον</em></strong></span> <span class='ocrx_word' id='word_1_346' title='bbox 316 2476 390 2512; x_wconf 69' lang='grc' dir='ltr'><strong><em>οἷον</em></strong></span> <span class='ocrx_word' id='word_1_347' title='bbox 415 2478 509 2519; x_wconf 87' lang='grc' dir='ltr'><strong><em>αὑτό,</em></strong></span> <span class='ocrx_word' id='word_1_348' title='bbox 533 2480 619 2520; x_wconf 78' lang='grc' dir='ltr'><strong><em>ζῴον</em></strong></span> <span class='ocrx_word' id='word_1_349' title='bbox 641 2479 706 2522; x_wconf 80' lang='grc' dir='ltr'><strong>μὲν</strong></span> <span class='ocrx_word' id='word_1_350' title='bbox 730 2481 824 2522; x_wconf 82' lang='grc' dir='ltr'><strong><em>ζῷον,</em></strong></span> <span class='ocrx_word' id='word_1_351' title='bbox 847 2482 957 2524; x_wconf 84' lang='grc' dir='ltr'><strong><em>φυτὸν</em></strong></span> <span class='ocrx_word' id='word_1_352' title='bbox 981 2481 1018 2514; x_wconf 77' lang='grc' dir='ltr'><strong>δὲ</strong></span> <span class='ocrx_word' id='word_1_353' title='bbox 1043 2479 1162 2524; x_wconf 86' lang='grc' dir='ltr'><strong><em>φυτόν.</em></strong></span> 
     </span>
    </p>

    <p class='ocr_par' dir='ltr' id='par_1_8' title="bbox 179 2533 1598 2682">
     <span class='ocr_line' id='line_1_37' title="bbox 269 2533 1598 2579; baseline 0.002 -15"><span class='ocrx_word' id='word_1_354' title='bbox 269 2533 292 2572; x_wconf 85' lang='lat'><strong>³)</strong></span> <span class='ocrx_word' id='word_1_355' title='bbox 316 2535 412 2566; x_wconf 85' lang='lat' dir='ltr'><strong>Polit.</strong></span> <span class='ocrx_word' id='word_1_356' title='bbox 436 2535 462 2572; x_wconf 87' lang='grc' dir='ltr'><strong>Ι,</strong></span> <span class='ocrx_word' id='word_1_357' title='bbox 487 2536 516 2566; x_wconf 86' lang='grc'><strong>2.</strong></span> <span class='ocrx_word' id='word_1_358' title='bbox 544 2536 624 2564; x_wconf 82' lang='grc'><strong>1252</strong></span> <span class='ocrx_word' id='word_1_359' title='bbox 643 2533 664 2564; x_wconf 92' lang='lat' dir='ltr'>b</span> <span class='ocrx_word' id='word_1_360' title='bbox 681 2536 738 2565; x_wconf 82' lang='lat'><strong>31:</strong></span> <span class='ocrx_word' id='word_1_361' title='bbox 766 2536 857 2570; x_wconf 78' lang='grc' dir='ltr'><strong><em>τέλος</em></strong></span> <span class='ocrx_word' id='word_1_362' title='bbox 884 2534 950 2579; x_wconf 81' lang='grc' dir='ltr'><strong>γὰρ</strong></span> <span class='ocrx_word' id='word_1_363' title='bbox 980 2534 1061 2575; x_wconf 81' lang='grc' dir='ltr'><strong><em>αὕτη</em></strong></span> <span class='ocrx_word' id='word_1_364' title='bbox 1091 2534 1245 2574; x_wconf 74' lang='grc' dir='ltr'><strong><em>ἐκείνων,</em></strong></span> <span class='ocrx_word' id='word_1_365' title='bbox 1276 2533 1293 2575; x_wconf 80' lang='grc' dir='ltr'><strong><em>ἡ</em></strong></span> <span class='ocrx_word' id='word_1_366' title='bbox 1316 2535 1354 2567; x_wconf 80' lang='grc' dir='ltr'><strong>δὲ</strong></span> <span class='ocrx_word' id='word_1_367' title='bbox 1378 2533 1479 2578; x_wconf 82' lang='grc' dir='ltr'><strong><em>φύσις</em></strong></span> <span class='ocrx_word' id='word_1_368' title='bbox 1507 2536 1598 2571; x_wconf 75' lang='grc' dir='ltr'><strong><em>τέλος</em></strong></span> 
     </span>
     <span class='ocr_line' id='line_1_38' title="bbox 179 2584 1597 2632; baseline 0.005 -15"><span class='ocrx_word' id='word_1_369' title='bbox 179 2585 279 2619; x_wconf 75' lang='grc' dir='ltr'><strong>ἐστίν·</strong></span> <span class='ocrx_word' id='word_1_370' title='bbox 305 2584 378 2620; x_wconf 78' lang='grc' dir='ltr'><strong><em>οἷον</em></strong></span> <span class='ocrx_word' id='word_1_371' title='bbox 401 2586 467 2629; x_wconf 80' lang='grc' dir='ltr'><strong>γὰρ</strong></span> <span class='ocrx_word' id='word_1_372' title='bbox 491 2585 634 2620; x_wconf 78' lang='grc' dir='ltr'><strong>ἕκαστόν</strong></span> <span class='ocrx_word' id='word_1_373' title='bbox 657 2586 724 2619; x_wconf 78' lang='grc' dir='ltr'><strong><em>ἐστι</em></strong></span> <span class='ocrx_word' id='word_1_374' title='bbox 750 2588 803 2627; x_wconf 81' lang='grc' dir='ltr'><strong>τῆς</strong></span> <span class='ocrx_word' id='word_1_375' title='bbox 825 2589 986 2630; x_wconf 80' lang='grc' dir='ltr'><strong><em>γενέσεως</em></strong></span> <span class='ocrx_word' id='word_1_376' title='bbox 1010 2590 1228 2630; x_wconf 74' lang='grc' dir='ltr'><strong>τελεσθείσης,</strong></span> <span class='ocrx_word' id='word_1_377' title='bbox 1255 2588 1376 2630; x_wconf 81' lang='grc' dir='ltr'><strong><em>ταύτην</em></strong></span> <span class='ocrx_word' id='word_1_378' title='bbox 1398 2588 1515 2632; x_wconf 78' lang='grc' dir='ltr'><strong><em>φαμὲν</em></strong></span> <span class='ocrx_word' id='word_1_379' title='bbox 1538 2588 1597 2632; x_wconf 82' lang='grc' dir='ltr'><strong>τὴν</strong></span> 
     </span>
     <span class='ocr_line' id='line_1_39' title="bbox 179 2638 572 2682; baseline 0.003 -12"><span class='ocrx_word' id='word_1_380' title='bbox 179 2638 286 2682; x_wconf 85' lang='grc' dir='ltr'><strong><em>φύσιν</em></strong></span> <span class='ocrx_word' id='word_1_381' title='bbox 310 2640 396 2673; x_wconf 74' lang='grc' dir='ltr'><strong><em>εἶναι</em></strong></span> <span class='ocrx_word' id='word_1_382' title='bbox 421 2638 572 2672; x_wconf 80' lang='grc' dir='ltr'><strong><em>ἑκάστου.</em></strong></span> 
     </span>
    </p>
   </div>
  </div>
 </body>
</html>
