1837 3017
828 149 1077 188 ..72-

351 257 524 297 Mentem
559 254 776 294 seiunctum
815 252 907 307 quid
943 266 1028 292 esse
1063 259 1101 292 et
1137 252 1240 306 quod
1275 266 1346 306 per
1379 266 1421 292 se
1455 252 1652 302 consistat,

246 324 403 378 saepius
437 322 531 361 dicit
567 322 814 370 Aristoteles,
849 320 1114 360 demonstrare
1149 320 1297 370 studet,
1332 319 1364 358 si
1398 319 1492 373 quid
1525 320 1652 368 video,

249 392 297 431 de
326 391 445 431 anim.
474 388 560 438 III,
594 388 632 427 4.
667 388 745 428 429
767 389 791 427 b
813 389 976 441 lOseqq.
1033 389 1162 428 Antea
1196 386 1245 426 de
1280 392 1412 427 mente
1446 387 1569 427 verba
1599 387 1654 427 ita

247 460 406 506 fecerat,
439 462 482 495 ut
511 456 754 509 aliquantum
783 454 1041 496 similitudinis
1060 455 1095 495 ei
1121 461 1224 494 esset
1252 469 1340 494 cum
1367 453 1564 504 sensitivo,
1592 454 1654 495 hic

249 526 352 566 aliud
384 524 476 579 quid
507 536 593 563 esse
622 537 699 577 quo
727 538 790 563 res
815 523 938 577 ipsas,
970 522 1074 563 aliud
1109 536 1185 576 quo
1221 535 1356 563 eorum
1389 522 1570 563 notiones
1596 536 1656 562 co·

249 607 487 646 gnoscamus
516 597 556 631 et
581 592 817 641 iudicemus,
846 591 992 631 statuit.
1047 591 1362 631 Fundamentum
1390 596 1519 630 autem
1546 604 1658 643 argu-

249 659 501 700 mentationis
539 658 682 712 repetit
711 671 732 696 e
759 671 889 697 rerum
925 663 1193 698 concretarum
1226 663 1265 698 et
1300 656 1503 697 notionum
1536 657 1659 698 diver·

249 728 375 775 sitate,
404 729 459 766 ita
486 733 529 766 ut
557 732 732 765 servetur
761 726 826 764 via
852 739 898 764 ac
927 725 1027 764 ratio
1055 740 1172 777 quam
1199 725 1383 778 proponit
1402 725 1450 763 de
1469 725 1583 764 anim.
1603 725 1658 774 II,

247 795 286 834 4.
314 794 392 834 415
413 808 436 833 a
458 792 685 846 16seqq.¹).
743 790 881 844 „Cum
908 792 1066 838 vero,“
1102 792 1240 846 inquit,
1271 790 1426 844 „aliud
1454 790 1568 845 quid
1595 791 1658 832 sit

252 862 498 915 quantitas
534 866 579 899 et
612 858 742 898 notio
776 859 1062 912 quantitatis
1098 865 1238 913 atque
1278 873 1402 912 aqua
1443 865 1489 898 et
1526 859 1657 898 notio

254 942 403 982 aquae
431 927 514 980 (sic
541 932 696 966 autem
726 927 866 966 etiam
898 926 944 965 in
978 927 1138 966 multis
1172 927 1284 966 aliis
1318 940 1394 966 res
1421 940 1469 966 se
1495 926 1657 976 habet,

252 1002 408 1035 tamen
448 1008 538 1033 non
578 993 625 1032 in
666 993 900 1043 omnibus,
949 994 993 1033 in
1043 993 1287 1034 nonnullis
1330 994 1452 1034 enim
1493 1006 1571 1032 res
1613 998 1659 1032 et

253 1062 387 1102 notio
417 1062 520 1102 eius
549 1062 676 1102 inter
703 1074 750 1100 se
783 1075 872 1100 non
908 1059 1180 1114 differunt),
1217 1061 1380 1102 carnis
1412 1061 1656 1102 notionem

253 1136 299 1169 et
327 1144 512 1169 carnem
541 1136 619 1169 aut
646 1129 738 1169 alio
768 1135 848 1168 aut
876 1142 930 1168 ero
961 1129 1084 1181 quod
1104 1129 1248 1168 aliter
1266 1143 1315 1168 se
1332 1129 1507 1168 habeat
1526 1142 1657 1168 mens

251 1196 452 1247 iudicat,
478 1193 507 1252 ἢ
536 1192 648 1251 ι’ίλλῳ
675 1193 702 1250 ἢ
730 1191 864 1245 ἄλλως
891 1192 1022 1246 ἔχοντι
1048 1193 1185 1249 κρίνει,
1221 1196 1258 1236 h.
1278 1209 1313 1236 e.
1343 1201 1411 1237 aut
1437 1201 1548 1251 parte
1575 1196 1658 1236 sive

255 1266 439 1304 facultate
474 1267 550 1304 alia
584 1272 652 1304 aut
679 1265 832 1313 eadem,
865 1264 921 1302 ita
958 1271 1107 1314 tamen,
1141 1270 1185 1303 ut
1217 1265 1329 1302 aliter
1356 1277 1398 1302 se
1425 1264 1568 1303 habeat
1591 1264 1659 1303 ubi

252 1346 427 1381 carnem,
462 1333 574 1372 aliter
606 1332 673 1371 ubi
708 1332 790 1371 eius
821 1332 1019 1371 notionem
1049 1321 1226 1384 percipit.
1281 1330 1397 1370 Nam
1433 1345 1541 1371 caro
1568 1345 1658 1371 non

253 1405 324 1438 est
352 1400 453 1439 sine
481 1399 706 1449 materia,
745 1399 823 1438 sed
850 1399 1038 1451 pariter
1072 1405 1213 1451 atque
1248 1412 1415 1437 cavum
1456 1398 1581 1451 quod
1609 1399 1655 1438 in

253 1466 455 1506 naribus
484 1465 721 1515 cernitur,
755 1466 914 1505 hocin
941 1466 1047 1515 hoc,
1074 1462 1170 1506 τόδε
1196 1465 1239 1506 ἐν
1263 1466 1390 1519 τῷδε,
1417 1467 1454 1505 h.
1474 1481 1508 1506 e.
1535 1467 1660 1506 forma

255 1548 343 1572 cum
380 1534 544 1573 materia
578 1533 796 1573 coniuncta.
831 1532 878 1573 τὸ
906 1530 1026 1583 σιμόν
1062 1547 1191 1573 rerum
1228 1539 1496 1573 concretarum
1531 1546 1660 1574 exem—

256 1601 362 1653 plum
392 1607 451 1639 est
470 1600 671 1640 Aristoteli
699 1601 906 1640 admodum
918 1601 1125 1650 usitatum,
1155 1606 1290 1640 contra
1313 1600 1361 1640 τὸ
1380 1601 1515 1641 κοῖλον
1534 1615 1660 1641 exem-

254 1667 360 1720 plum
380 1673 440 1707 est
459 1668 609 1707 formae
629 1669 792 1707 materia
810 1668 1005 1717 immuniti,
1035 1669 1084 1709 cf.
1102 1669 1195 1708 Met.
1210 1668 1259 1718 E,
1281 1669 1315 1708 1.
1334 1668 1433 1708 1025
1447 1668 1472 1708 b
1487 1669 1538 1709 30
1548 1683 1658 1723 seqq.

255 1734 511 1773 Sensitivo
545 1735 697 1786 igitur
730 1736 948 1775 calidum
984 1743 1032 1774 et
1067 1736 1306 1787 frigidum
1349 1736 1574 1789 percipit
1606 1751 1659 1775 ac

252 1800 442 1840 iudicat
469 1807 513 1840 et
542 1815 734 1854 quorum
765 1802 933 1855 aliqua
959 1803 1086 1841 ratio
1106 1810 1178 1842 est
1196 1817 1324 1852 caro,
1354 1809 1520 1842 contra
1547 1803 1660 1854 alio,

255 1873 337 1906 aut
363 1867 593 1907 seiuncto
622 1883 711 1921 quo
747 1876 827 1908 aut
854 1872 917 1922 (eo
946 1869 1050 1922 quod
1085 1870 1141 1909 ita
1168 1870 1272 1910 aliud
1301 1869 1390 1923 est),
1427 1870 1660 1922 quemad-

256 1935 440 1973 modum
485 1934 619 1973 linea
663 1934 864 1975 inflexa
911 1951 958 1976 se
1003 1937 1152 1977 habet
1193 1937 1250 1976 ad
1290 1943 1443 1976 semet
1482 1937 1657 1991 ipsam,

256 2000 457 2054 quando
487 2008 559 2040 est
587 2010 808 2052 extenta,
837 2004 1001 2042 carnis
1027 2005 1279 2044 notionem
1309 2004 1503 2044 iudicat.·
1548 2005 1660 2044 Haec

254 2069 376 2108 verba
404 2081 520 2121 quem
548 2068 585 2108 in
615 2070 772 2110 modum
799 2070 1062 2123 intellegenda
1090 2072 1178 2121 sint,
1208 2072 1367 2112 dubium
1397 2078 1468 2111 est.
1524 2071 1660 2112 Liceat

254 2142 403 2184 autem,
433 2149 482 2174 ne
510 2148 705 2175 moremur
733 2138 770 2176 in
798 2138 873 2177 hoc
900 2139 1004 2186 loco,
1044 2139 1118 2191 ipsi
1146 2138 1236 2193 quid
1267 2139 1499 2188 sentiamus,
1528 2139 1658 2178 statim

254 2205 294 2242 in
321 2202 492 2242 medium
521 2203 710 2255 proferre.
760 2207 820 2245 Ac
848 2205 960 2245 nobis
989 2206 1146 2259 quidem
1174 2207 1367 2245 sententia
1395 2206 1548 2246 videtur
1576 2222 1660 2247 esse

345 2349 366 2388 ²)
390 2349 433 2379 Εἰ
456 2348 492 2379 δὲ
512 2344 578 2389 χρὴ
601 2347 710 2387 λέγειν
733 2347 766 2376 τί
785 2345 925 2379 ἕκαστον
950 2346 1070 2386 αὐτῶν,
1095 2342 1168 2379 οἷον
1183 2348 1217 2378 τί
1229 2345 1264 2378 τὸ
1282 2345 1436 2387 νοητικὸν
1452 2344 1472 2388 ἢ
1487 2346 1523 2381 τὸ
1540 2349 1660 2389 ataen-

253 2401 347 2434 τικόν
369 2399 388 2440 ἢ
412 2402 448 2433 τὸ
471 2398 666 2442 θρεπτικόν,
696 2397 858 2441 πρότερον
887 2401 933 2432 ἔτι
961 2403 1094 2432 λεκτέον
1121 2403 1156 2431 τί
1174 2399 1209 2431 τὸ
1234 2404 1324 2433 νοεῖν
1346 2402 1404 2432 καὶ
1424 2405 1459 2433 τί
1476 2401 1512 2434 τὸ
1536 2400 1660 2434 αἰσθά-

253 2458 383 2486 νεσθαι·
407 2451 571 2496 πρότερον
594 2451 659 2495 γάρ
683 2454 745 2485 εἰσι
770 2454 834 2486 τῶν
858 2452 1035 2496 δυνάμεων
1058 2454 1095 2485 αἱ
1117 2452 1278 2494 ἐνέργειαι
1302 2456 1359 2486 καὶ
1374 2456 1410 2486 αἱ
1424 2452 1561 2496 πράξεις
1575 2455 1660 2487 κατὰ

252 2507 311 2539 τὸν
332 2506 444 2548 λόγον.
469 2510 498 2539 εἰ
521 2506 553 2538 ‹5'
580 2506 693 2544 οὕτως,
723 2505 847 2539 τούτων
871 2507 903 2538 δ’
930 2509 976 2539 ἔτι
1000 2507 1145 2547 πρότερα
1168 2505 1208 2537 τὰ
1232 2505 1442 2550 ἀντικείμενα
1465 2509 1520 2540 δεῖ
1539 2513 1659 2540 τεθεω-

254 2563 400 2601 ρηκέναι,
424 2562 501 2603 περὶ
524 2559 661 2593 ἐκείνων
684 2560 818 2602 πρῶτον
835 2558 876 2592 ἄν
893 2560 961 2592 δέοι
987 2560 1134 2602 διορίσαι
1157 2557 1213 2592 διὰ
1236 2559 1295 2600 τὴν
1318 2559 1420 2603 αὐτὴν
1443 2562 1562 2601 αἰτίαν,
1585 2557 1658 2595 οἷον

256 2615 331 2655 περὶ
353 2615 479 2657 τροφῆς
501 2616 557 2646 καὶ
581 2615 744 2654 αἰσθητοῦ
766 2616 822 2646 καὶ
844 2617 975 2654 νοητοῦ.
