1837 3017
273 883 440 947 Causa
470 897 619 944 finalis
661 914 886 944 summum
930 904 997 942 est
1036 894 1349 956 philosophiae
1382 894 1553 940 Aristo-

150 969 291 1015 teleae
322 970 604 1032 principium.
671 972 819 1031 Atque
858 970 905 1015 in
944 968 1153 1014 omnibus
1194 968 1421 1013 doetrinae
1451 967 1552 1028 parss

150 1042 294 1101 tibus,
340 1051 390 1088 ut
438 1042 565 1089 decet
602 1044 834 1104 egregium
877 1043 1007 1088 illum
1047 1041 1388 1105 philosophum,
1436 1040 1555 1085 hane

149 1131 332 1162 eausam
373 1116 502 1178 quasi
541 1132 730 1178 regnare
769 1124 812 1162 et
850 1116 1002 1161 omnia
1040 1132 1097 1162 ex
1134 1131 1187 1161 ea
1228 1122 1334 1176 apta
1372 1130 1470 1159 esse
1502 1129 1555 1160 ae

149 1203 389 1250 suspensa,
428 1189 466 1235 si
498 1205 592 1235 rem
633 1189 788 1250 paullo
827 1190 1078 1235 accuratius
1111 1188 1382 1251 inspexeri8‚
1419 1187 1555 1233 facile

147 1258 395 1323 intelleges.
458 1261 519 1307 Et
556 1260 707 1307 tamen
747 1261 826 1308 ubi
864 1263 1061 1308 maxime
1099 1261 1318 1323 expositio
1356 1261 1452 1307 eius
1485 1276 1554 1306 re-

148 1334 342 1396 quiritur
377 1334 514 1396 plena
551 1351 605 1381 ae
643 1335 860 1397 perfecta,
906 1335 1006 1381 dieo
1051 1326 1099 1380 i'n
1146 1334 1554 1395 metaphysieorum

148 1407 289 1466 libris,
319 1423 465 1470 pauca
498 1408 554 1454 de
586 1424 639 1454 ea
668 1408 968 1470 proferuntur.
1015 1408 1252 1470 Reperitur
1284 1408 1466 1469 quidem
1498 1406 1554 1453 de

146 1484 235 1528 fine
274 1481 517 1542 disputatio
561 1483 609 1527 in
655 1482 946 1543 physicorum
995 1482 1190 1528 secundo
1239 1490 1373 1542 atque
1419 1482 1555 1527 etiam

149 1554 369 1616 eopiosior
399 1554 448 1599 in
480 1555 625 1616 primo
666 1555 722 1600 de
759 1555 962 1617 partibus
1002 1554 1267 1600 animalium
1299 1554 1439 1612 libr03'
1475 1555 1553 1600 sed

147 1636 307 1673 neutra
338 1635 406 1672 est
436 1628 669 1685 eiusmodi,
701 1636 751 1673 ut
782 1628 898 1673 nihil
922 1627 1041 1672 ultra
1069 1627 1305 1684 desideres,
1337 1643 1483 1688 neque
1500 1629 1555 1674 ,si

147 1713 265 1761 quae
287 1700 387 1745 loeo
412 1707 601 1761 utroque
629 1700 846 1745 docentur
868 1700 1167 1756 eoniunxeris,
1189 1700 1272 1744 toti
1295 1700 1401 1745 huie
1417 1716 1553 1761 quae-

148 1772 283 1819 stioni
323 1772 602 1818 satisfactum
642 1781 721 1818 est.
787 1773 970 1818 Praeter
1006 1772 1108 1818 illos
1139 1780 1288 1817 autem
1334 1772 1472 1819 libros
1505 1775 1552 1819 in

147 1845 322 1906 seriptis
355 1844 634 1891 Aristoteleis
674 1846 844 1907 passim
876 1845 1057 1891 obviam
1097 1845 1211 1890 fiunt
1248 1845 1337 1890 loci
1377 1846 1455 1907 qui
1494 1847 1577 1892 ad'

147 1935 331 1964 causam
372 1919 499 1964 illam
541 1927 745 1980 spectant
780 1928 915 1980 atque
943 1926 1149 1964 naturam
1181 1919 1278 1965 eius
1311 1919 1464 1980 aliqua
1492 1924 1553 1965 'ex

146 2000 273 2053 parte
312 1991 532 2052 aperiunt.
597 1992 756 2053 Itaque
806 2008 967 2053 operae
1014 1991 1208 2052 pretium
1255 1992 1418 2037 facturi
1455 2009 1552 2038 esse

146 2065 278 2118 nobis
320 2064 597 2121 videbamur,
639 2065 676 2109 si
716 2081 831 2124 quae
873 2066 1075 2125 dispersa
1106 2073 1151 2110 et
1182 2065 1398 2124 dissipata
1429 2066 1550 2125 apud

145 2136 434 2182 Aristotelem
470 2136 695 2197 leguntur,
734 2152 1103 2198 componeremus
1144 2145 1188 2182 et
1218 2137 1335 2183 inter
1365 2153 1413 2183 se
1444 2154 1550 2184 con-

143 2209 401 2254 ⁴eiliaremus
443 2210 524 2266 ita,
573 2218 623 2254 ut
661 2210 812 2254 omnia
853 2227 910 2255 ex
949 2210 1108 2255 eodem
1155 2210 1278 2255 fonte
1316 2227 1550 2257 emanasse

146 2290 393 2343 appareret.
457 2281 558 2327 Tali
598 2282 718 2327 enim
764 2283 898 2328 modo
940 2282 1227 2328 Aristotelem
1267 2299 1404 2344 quae,
1451 2283 1550 2330 ubi-

147 2371 324 2415 eunque
357 2356 427 2413 sit,
456 2355 512 2400 de
535 2370 671 2400 causa
689 2355 816 2400 finali
838 2356 1074 2416 protulerit
1096 2363 1246 2400 mente
1269 2356 1409 2402 fuisse
1432 2373 1551 2402 oom-

147 2428 346 2489 plexum,
377 2436 558 2489 propter
590 2444 817 2473 summum
849 2428 945 2474 eius
977 2428 1211 2489 ingenium
1243 2429 1422 2475 credere
1446 2446 1551 2475 eon-

149 2500 285 2545 venit.
349 2500 411 2544 At
444 2501 555 2545 haee
586 2501 788 2561 quaestio
821 2508 885 2546 tot
917 2502 1141 2562 tantisque
1181 2509 1225 2546 et
1266 2502 1551 2564 philologieis

149 2582 192 2618 et
230 2573 509 2633 philosophis
549 2573 789 2619 obstructa'
815 2582 881 2620 est
922 2574 1283 2632 difficultatibus,
1328 2584 1376 2621 ut
1419 2593 1552 2637 expe-
