1837 3017
842 190 1099 231 ...52-

265 310 335 350 per
368 297 434 337 via
469 311 515 337 ac
549 295 701 336 ratione
734 296 851 337 homo
886 296 1074 350 physicus
1113 296 1152 337 in
1187 310 1250 337 res
1284 303 1451 339 naturae
1483 299 1682 353 inquirere

266 364 386 404 debet
399 364 440 415 ¹).

372 431 553 472 Eundem
583 444 700 485 quem
732 431 965 471 Aristoteles
1000 432 1130 473 locum
1164 432 1243 472 iam
1272 432 1386 473 Plato
1413 434 1601 474 materiae
1629 440 1683 474 at·

267 513 343 552 que
372 498 519 537 viribus
557 512 659 552 quae
696 499 734 537 in
775 513 822 538 ea
855 499 988 537 insunt
1013 499 1219 539 tribuerat.
1273 499 1376 539 Nam
1406 499 1497 539 huic
1524 513 1683 555 quoque

267 566 498 619 philosopho
533 567 699 606 materia
735 567 896 619 eiusque
924 566 1027 605 vires
1065 581 1143 606 non
1171 573 1262 607 sunt
1289 580 1432 608 causae
1459 567 1681 620 primariae,

267 630 397 672 αἰτίαι
417 634 594 685 πρῶται,
625 631 751 680 αἴτια,
782 634 848 671 sed
871 646 1012 671 causae
1032 634 1303 683 secundariae,
1332 630 1464 674 αἰτίαι
1482 634 1681 688 δευτέραι,

267 697 471 748 ξυναίτια,
511 698 832 752 ξυμμεταίτια’).
888 699 955 741 Sic
991 699 1039 740 de
1074 701 1249 741 Platonis
1288 700 1446 754 quidem
1487 702 1683 743 sententia

266 767 361 807 deus
391 767 518 807 visum
547 768 659 807 nobis
689 767 853 821 largitus
883 772 942 806 est
970 781 1016 806 eo
1046 767 1216 807 maxime
1246 767 1426 817 consilio,
1455 774 1498 808 ut
1525 768 1684 821 cognita

266 849 396 874 rerum
433 835 687 874 universitate
722 842 841 888 atque
878 835 998 874 variis
1034 841 1313 888 tempestatum
1349 835 1682 890 vicissitudinibus

266 902 485 943 observatis
514 902 562 941 ad
592 902 881 956 philosophiam
908 902 1207 956 perveniremus
1247 909 1365 957 atque
1393 909 1557 943 naturae
1584 902 1684 943 ordi·

267 985 353 1009 nem
382 976 516 1009 nostra
550 970 724 1022 ipsorum
752 969 832 1009 vita
871 970 1116 1009 imitaremur
1144 977 1183 1011 et
1211 970 1331 1010 veluti
1359 970 1683 1024 exprimeremus.

267 1039 400 1091 Atque
435 1037 539 1077 idem
572 1036 825 1078 iudicandum
861 1044 920 1077 est
949 1036 997 1077 de
1024 1037 1161 1091 lingua
1188 1044 1228 1078 et
1254 1037 1407 1089 auditu,
1441 1037 1683 1092 quandoqui-

265 1105 352 1143 dem
382 1112 420 1144 et
452 1105 611 1156 linguae
646 1119 739 1143 usus
774 1112 814 1144 et
846 1105 1075 1144 harmoniae
1108 1118 1292 1144 sonorum
1328 1105 1531 1158 perceptio
1565 1105 1682 1158 pluri-

266 1187 370 1213 mum
404 1173 539 1213 valent
574 1173 623 1212 ad
664 1171 858 1212 sedandas
894 1178 933 1212 et
967 1171 1276 1225 compescendas
1320 1171 1435 1213 animi
1480 1171 1683 1226 perturba·

263 1241 403 1291 tiones,
433 1253 534 1292 quae
563 1239 869 1291 pulcherrimum
897 1239 1006 1278 illum
1036 1238 1189 1278 virtutis
1219 1245 1258 1278 et
1284 1239 1499 1278 honestatis
1520 1252 1683 1278 concen-

263 1315 347 1348 tum
381 1306 542 1347 turbare
577 1305 716 1344 solent.
771 1305 857 1345 Hae
899 1305 1109 1357 primariae
1155 1312 1266 1345 erant
1309 1305 1463 1346 illorum
1497 1319 1683 1347 sensuum

265 1388 420 1415 causae.
462 1372 521 1413 Ut
541 1379 671 1411 autem
692 1372 731 1411 id
752 1371 858 1425 quod
878 1371 973 1411 deus
994 1371 1119 1411 voluit
1138 1361 1448 1425 assequeremur,
1473 1372 1683 1412 accederet

266 1455 427 1481 necesse
456 1446 542 1479 erat
570 1445 736 1478 externa
765 1452 948 1478 sensuum
977 1439 1196 1479 institutio?
1223 1438 1433 1479 Praeclare
1458 1439 1580 1492 igitur
1604 1440 1681 1479 iam

265 1509 381 1548 Plato
410 1520 512 1560 quae
539 1505 640 1545 ratio
668 1505 771 1545 inter
798 1505 956 1545 finalem
992 1512 1030 1546 et
1065 1506 1303 1545 materialem
1334 1520 1492 1546 causam
1521 1506 1683 1545 interce·

268 1576 380 1614 deret
408 1572 626 1622 constituit,
664 1581 782 1625 atque
817 1588 983 1625 magnus
1010 1573 1280 1627 philosophiae
1307 1587 1539 1626 progressus
1566 1586 1684 1626 agno-

266 1643 434 1684 scendus
463 1647 539 1692 est,
570 1639 744 1681 Platonis
773 1647 812 1680 et
840 1639 1061 1681 Aristotelis
1097 1640 1313 1681 doctrinam
1347 1641 1378 1680 si
1408 1654 1681 1694 comparamus

355 1811 376 1848 ¹)
401 1809 449 1839 De
472 1812 552 1848 part.
576 1816 627 1836 an.
651 1807 677 1844 1,
705 1808 733 1837 l.
758 1807 819 1836 642
837 1814 856 1835 a
873 1807 931 1835 31:
963 1803 1113 1837 δεικτέον
1136 1803 1171 1836 δ’
1197 1802 1317 1844 οὕτως,
1347 1799 1421 1836 οἷον
1447 1801 1498 1836 ὅτι
1523 1804 1593 1835 ἔστι
1613 1803 1679 1847 μὲν

264 1862 283 1903 ἡ
313 1859 469 1901 ἀναπνοὴ
499 1859 595 1892 τουδὶ
621 1856 736 1900 χάριν,
766 1858 863 1889 τοῦτο
900 1857 937 1888 δὲ
972 1859 1123 1899 γίγνεται
1157 1857 1214 1889 διὰ
1242 1856 1322 1890 τάδε
1350 1857 1385 1893 ἐξ
1414 1854 1572 1898 ἀνάγκης.
1600 1854 1678 1897 ἡδ’

264 1913 395 1957 ἀνάγκη
419 1912 473 1945 ὁτὲ
496 1913 561 1956 μὲν
584 1914 740 1954 σημαίνει
763 1909 813 1942 ὅτι
837 1912 867 1942 εἰ
890 1910 997 1942 ἐκεῖνο
1026 1910 1118 1943 ἔσται
1151 1910 1187 1943 τὸ
1212 1904 1252 1942 οὗ
1276 1910 1392 1949 ἕνεκα,
1422 1910 1525 1942 ταῦτα
1549 1907 1679 1952 ἀνάγκη

266 1969 357 2001 ἐστὶν
380 1961 481 2009 ἔχειν,
503 1964 558 1998 ὁτὲ
582 1963 615 1996 δ’
643 1963 691 1997 ὅτι
716 1964 807 1996 ἔστιν
830 1961 934 1998 οὕτως
962 1963 1083 2005 ἔχοντα
1106 1965 1163 1995 καὶ
1186 1962 1372 2007 πεφυκότα.
1401 1962 1437 1995 τὸ
1462 1962 1593 2007 θερμὸν
1613 1963 1681 2007 γὰρ

266 2022 455 2064 ἀναγκαῖον
485 2021 607 2056 ἐξιέναι
640 2021 698 2050 καὶ
728 2017 831 2051 πάλιν
860 2020 999 2050 εἰσιέναι
1028 2015 1241 2059 ἀντικροῦον,
1276 2016 1335 2049 τὸν
1370 2015 1403 2048 δ’
1434 2016 1517 2058 ἀέρα
1544 2020 1681 2061 εἰσρεῖν.

264 2077 362 2109 τοῦτο
393 2072 426 2106 δ’
452 2072 516 2114 ἤδη
546 2070 736 2115 ἀναγκαῖόν
765 2071 864 2103 ἐστιν.
894 2071 954 2102 τοῦ
988 2069 1081 2106 ἐντὸς
1115 2070 1154 2102 δὲ
1185 2071 1321 2114 θερμοῦ
1355 2068 1615 2107 ἀντικόπτοντος
1642 2071 1679 2104 ὲν

264 2131 303 2175 τῇ
326 2128 423 2172 ψύξει
446 2130 506 2161 τοῦ
530 2125 682 2168 θύραθεν
705 2123 803 2167 ἀέρος
825 2123 844 2165 ἡ
868 2124 1000 2160 εἴσοδος
1023 2126 1079 2156 καὶ
1102 2121 1121 2165 ἡ
1145 2124 1271 2161 ἔξοδος.

355 2184 378 2223 ²)
402 2182 565 2214 Phaedon.
591 2183 629 2212 99
642 2181 696 2211 B.:
720 2177 756 2210 τὸ
779 2177 845 2221 γὰρ
866 2177 913 2220 μὴ
937 2178 1115 2211 διελέσθαι
1137 2173 1213 2210 οἶόν
1229 2175 1261 2210 τ’
1279 2177 1377 2218 εἶναι,
1400 2175 1450 2210 ὅτι
1466 2174 1548 2210 ἄλλο
1563 2182 1628 2223 μέν
1650 2182 1685 2212 τί

264 2237 331 2269 ἐστι
356 2235 391 2268 τὸ
417 2238 525 2268 αἴτιον
548 2236 593 2276 τῷ
617 2230 706 2271 ὄντι,
736 2229 816 2263 ἄλλο
847 2231 883 2263 ‹5'
907 2232 1033 2272 ἐκεῖνο,
1062 2228 1143 2264 ἄνευ
1173 2223 1214 2263 οὗ
1235 2229 1271 2263 τὸ
1301 2234 1409 2264 αἴτιον
1437 2230 1499 2264 οὐκ
1530 2230 1572 2265 ἄν
1600 2234 1675 2267 ποτ’

263 2293 312 2329 εἴη
341 2293 459 2322 αἴτιον.
504 2291 587 2322 Tim.
613 2291 654 2320 46
666 2289 719 2319 C.:
754 2285 847 2318 ταῦτ’
880 2282 942 2318 οὖν
969 2283 1071 2317 πάντ’
1101 2285 1171 2317 ἔστι
1202 2285 1270 2317 τῶν
1296 2286 1491 2325 ξυναιτίων,
1525 2283 1575 2322 οἷς
1603 2288 1682 2323 θεὸς

265 2343 467 2386 ὑπηρετοῦσι
486 2344 608 2384 χρῆται
631 2340 691 2382 τὴν
714 2340 774 2372 τοῦ
796 2338 935 2381 ἀρίστου
958 2336 1044 2370 κατὰ
1068 2336 1104 2369 τὸ
1129 2336 1277 2370 δυνατὸν
1293 2338 1390 2371 ἰδέαν
1412 2336 1598 2374 ἀποτελῶν·
1622 2341 1682 2374 δο-

262 2396 389 2436 ξάζεται
422 2397 460 2429 δὲ
488 2394 554 2428 ὑπὸ
586 2397 652 2429 τῶν
681 2396 846 2427 πλείστων
877 2391 916 2425 ού
944 2394 1096 2429 ξυναίτια
1128 2389 1206 2423 ἀλλ’
1231 2393 1321 2424 αἴτια
1346 2391 1432 2424 εἶναι
1452 2394 1519 2427 τῶν
1541 2393 1680 2427 πάντων

262 2451 417 2494 ψύχοντα
447 2452 502 2483 καὶ
532 2453 779 2493 θερμαίνοντα,
807 2446 981 2490 πηγνύντα
1009 2457 1043 2478 τε
1076 2446 1133 2477 καὶ
1162 2444 1342 2486 διαχέοντα
1367 2448 1425 2477 καὶ
1454 2445 1520 2479 ὅσα
1541 2448 1679 2481 τοιαῦτα

261 2503 539 2549 ἀπεργαζόμενα,
569 2502 672 2547 λόγον
703 2502 741 2535 δὲ
770 2500 893 2535 οὐδένα
924 2500 1006 2534 οὐδὲ
1035 2500 1121 2534 νοῦν
1143 2500 1189 2534 εἰς
1212 2498 1315 2533 οὐδὲν
1337 2500 1465 2534 δυνατὰ
1488 2501 1576 2544 ἔχειν
1600 2501 1679 2536 ἐστί.

262 2562 344 2598 (Hac
359 2561 444 2590 enim
462 2559 710 2600 interpungendi
735 2559 857 2588 ratione
881 2558 954 2587 inde
979 2567 997 2587 a
1020 2555 1130 2586 verbis
1152 2552 1324 2589 δοξάζεται
1348 2554 1386 2585 δὲ
1408 2552 1477 2586 ὑπὸ
1501 2556 1568 2588 τῶν
1592 2556 1681 2587 πλεί-

262 2623 347 2645 στων
374 2613 527 2645 utendum
556 2618 619 2652 est,
652 2623 723 2646 cum
753 2613 850 2644 huius
878 2611 1041 2643 enunciati
1070 2620 1134 2641 non
1164 2607 1284 2649 ταῦτα,
1320 2609 1376 2641 sed
1404 2610 1580 2652 participia
1608 2610 1673 2643 sint

261 2667 463 2698 subiectum:
