1837 3017
249 581 584 644 Admirationem
618 603 819 644 verissime
853 604 906 643 ait
933 605 1164 645 Aristoteles
1192 611 1231 644 et
1260 618 1344 645 esse
1374 611 1412 645 et
1440 606 1559 646 fuisse

153 684 310 710 causam
336 671 634 725 philosophandi
649 671 689 723 ¹).
744 671 995 712 Admiramur
1027 673 1150 722 enim,
1188 672 1253 712 ubi
1286 674 1343 712 rei
1379 680 1559 713 naturam

153 740 381 791 ignoramus
391 739 435 791 ²),
465 754 542 793 qua
569 738 823 779 admiratione
850 739 936 793 ipsa
963 745 1006 779 ut
1034 740 1251 780 accuratius
1278 739 1318 779 in
1345 754 1408 780 res
1435 740 1558 794 inqui-

154 820 283 846 ramus
312 821 456 861 easque
484 808 709 848 studeamus
738 820 975 860 cognoscere
1011 807 1253 861 adducimur.
1311 807 1560 861 Cognoscere

154 879 283 913 autem
310 889 384 924 res,
421 874 461 913 id
488 875 607 915 habet
633 876 733 914 hanc
761 868 1011 914 sententiam:
1046 887 1283 926 cognoscere
1312 888 1446 914 earum
1475 889 1562 917 cau.

154 953 216 979 sas
229 940 271 991 ⁸).
327 941 372 981 In
408 956 486 995 qua
522 941 774 994 indagatione
807 941 1058 994 acquiescere
1091 941 1130 979 in
1169 941 1289 979 finitis
1317 947 1356 980 et
1383 941 1563 980 determi-

155 1008 254 1046 natis
286 1022 365 1047 non
401 1022 624 1060 possumus,
661 1007 806 1060 quippe
844 1021 945 1059 quae
979 1021 1030 1046 ex
1062 1007 1147 1045 aliis
1180 1021 1371 1058 suspensa
1404 1014 1444 1045 et
1471 1014 1564 1059 apta

155 1072 250 1122 sint,
293 1074 348 1114 ita
383 1081 427 1114 ut
460 1088 596 1114 eorum
627 1074 798 1127 ipsorum
838 1087 980 1113 causae
1020 1074 1097 1113 sint
1132 1072 1441 1126 investigandae.
1496 1073 1564 1114 Sic

154 1141 403 1193 inquisitione
436 1142 523 1194 ipsa
555 1143 791 1195 impellimur
830 1142 942 1195 quasi
976 1148 1015 1181 et
1052 1141 1229 1193 cogimur
1263 1141 1312 1180 ad
1349 1142 1495 1193 primas
1524 1149 1564 1181 et

155 1207 354 1247 absolutas
380 1222 512 1249 rerum
541 1223 677 1249 causas
705 1209 949 1262 quaerendas
960 1208 1003 1260 ⁴).
1050 1209 1136 1248 Iam
1162 1208 1235 1246 hac
1263 1207 1413 1247 ratione
1441 1208 1474 1247 si
1501 1222 1563 1248 res

155 1274 407 1326 indagamus,
442 1276 492 1315 ad
520 1290 657 1316 causas
685 1275 936 1329 pervenimus
965 1275 1202 1329 quattuor⁵).
1259 1275 1433 1314 Primum
1460 1277 1563 1314 enim

157 1355 275 1381 causa
315 1341 455 1381 dicitur
493 1342 533 1382 id
575 1357 625 1382 ex
667 1346 743 1396 quo
784 1343 979 1382 substrato
1020 1341 1167 1395 aliquid
1208 1343 1341 1380 oritur.
1408 1342 1565 1381 Deinde

157 1398 276 1447 c‘ausa
315 1415 478 1448 vocatur
517 1409 643 1449 forma
676 1417 716 1449 et
751 1410 972 1464 exemplar,
1011 1407 1058 1449 τὸ
1099 1403 1210 1457 εἶδος
1250 1407 1318 1448 καὶ
1353 1407 1401 1449 τὸ
1438 1406 1567 1462 παρά-

157 1475 319 1528 δειγμα,
359 1476 687 1529 quemadmodum
720 1477 908 1531 diapason
942 1477 1109 1517 efficitur
1143 1476 1293 1535 ratione
1330 1489 1430 1529 quae
1464 1476 1567 1516 inter

157 1542 233 1582 duo
267 1549 307 1582 et
338 1557 459 1583 unum
493 1543 701 1585 intercedit
741 1551 859 1598 atque
892 1544 932 1584 in
964 1545 1189 1584 universum
1232 1557 1417 1596 numero.>
1464 1543 1567 1584 Tum

157 1623 316 1649 causam
344 1624 529 1650 vocamus
557 1611 597 1650 id
625 1612 729 1651 unde
755 1613 974 1665 profectum
1002 1618 1062 1651 est
1088 1611 1240 1650 initium
1269 1611 1323 1650 rei
1352 1617 1419 1650 aut
1444 1617 1567 1650 muta-

158 1682 222 1716 tae
250 1683 317 1716 aut
342 1676 382 1716 in
411 1677 583 1730 quietem
610 1678 814 1728 redactae,
853 1693 971 1732 quam
1004 1691 1146 1718 causae
1180 1677 1505 1730 significationem
1534 1678 1566 1716 si

158 1742 331 1796 respicis,
358 1743 391 1783 is
419 1745 486 1798 qui
514 1745 635 1785 suasit
663 1752 722 1785 est
749 1759 868 1785 causa
895 1751 934 1785 et
960 1752 1072 1798 pater
1099 1745 1168 1784 filii
1195 1752 1313 1799 atque
1342 1746 1498 1785 omnino
1526 1745 1566 1784 id

159 1810 265 1864 quod
306 1811 426 1852 efficit
466 1813 549 1853 eius
593 1813 698 1867 quod
740 1812 908 1853 efficitur
950 1827 1110 1853 causam
1152 1813 1328 1853 dicimus.
1383 1813 1567 1867 Denique

159 1892 277 1918 causa
305 1886 364 1918 est
390 1880 479 1923 finis
505 1887 545 1920 et
570 1881 759 1930 ultimum,
796 1880 905 1921 cuius
931 1881 1062 1934 gratia
1087 1880 1234 1934 aliquid
1261 1881 1316 1931 fit,
1344 1881 1464 1921 veluti
1492 1895 1569 1921 am-

158 1944 320 1985 bulandi
348 1960 466 1987 causa
493 1954 553 1988 est
580 1949 698 1989 salus.

251 2060 272 2100 ¹)
295 2061 371 2093 Met.
395 2062 434 2101 A,
460 2065 488 2094 2.
513 2066 573 2095 982
589 2064 610 2096 b
629 2067 684 2095 12:
715 2062 771 2095 διὰ
800 2062 866 2106 γὰρ
894 2061 930 2095 τὸ
961 2059 1148 2106 θαυμάζειν
1171 2063 1203 2094 οἱ
1226 2059 1402 2105 ἅνθρωποι
1428 2063 1484 2094 καὶ
1507 2063 1568 2095 νῦν

160 2114 216 2145 καὶ
237 2112 274 2145 τὸ
300 2115 434 2157 πρῶτον
458 2111 599 2158 ἤρξαντο
624 2118 842 2159 φιλοσοφεῖν.
889 2118 936 2148 Cf.
959 2118 1041 2148 Plat.
1066 2118 1199 2149 Theaet.
1223 2128 1252 2158 p.
1273 2121 1330 2147 155
1341 2117 1380 2146 D.

251 2168 273 2206 ¹)
296 2168 372 2200 Met.
396 2169 436 2207 Δ,
462 2172 489 2200 2.
514 2171 576 2201 982
593 2170 613 2201 b
634 2174 681 2201 17.

250 2220 273 2260 ³)
295 2221 395 2263 Phys.
417 2223 460 2260 11,
485 2226 515 2255 3.
542 2227 602 2256 194
617 2224 710 2256 b17:
740 2223 813 2255 ἐπεὶ
840 2221 906 2264 γὰρ
934 2223 994 2255 τοῦ
1025 2223 1151 2256 εἰδέναι
1175 2221 1278 2266 χάριν
1301 2220 1320 2262 ἡ
1343 2224 1570 2265 πραγματεία,

161 2273 287 2307 εἰδέναι
317 2272 391 2307 δὀὐ
421 2274 585 2321 πρότερον
614 2276 756 2321 οἰόμεθα
786 2276 929 2310 ἕκαστον
952 2279 1034 2321 πρὶν
1058 2275 1100 2311 ἂν
1123 2275 1278 2321 λάβωμεν
1301 2275 1337 2309 τὸ
1362 2275 1417 2308 διὰ
1441 2278 1474 2308 τί
1495 2279 1572 2318 περὶ

162 2328 314 2361 ἕκαστον.

248 2383 274 2422 ⁴)
297 2382 396 2424 Phys.
420 2384 446 2421 Ι,
474 2387 499 2418 l.
527 2387 586 2416 184
602 2397 621 2417 a
639 2389 692 2417 12:
716 2383 787 2418 τότε
809 2382 875 2426 γὰρ
898 2382 1044 2428 οἰόμεθα
1066 2382 1243 2428 γινώσκειν
1259 2384 1412 2425 ἕκαστον,
1437 2382 1517 2417 ὅταν
1531 2384 1571 2416 τὰ

162 2439 251 2470 αἴτια
280 2438 500 2479 γνωρίσωμεν
528 2438 569 2470 τὰ
598 2440 714 2480 πρῶτα
745 2440 803 2470 καὶ
829 2437 888 2473 τὰς
916 2436 1022 2479 ἀρχὰς
1052 2437 1111 2474 τὰς
1140 2437 1271 2479 πρώτας
1301 2441 1357 2470 καὶ
1384 2441 1484 2481 μέχρι
1507 2439 1572 2469 τῶν

162 2492 346 2532 στοιχείων.
382 2491 460 2523 Met.
472 2492 513 2532 A,
527 2493 556 2525 3.
580 2495 641 2525 983
657 2504 677 2525 a
692 2494 748 2524 24:
771 2492 836 2524 τῶν
852 2490 887 2528 ἐξ
902 2490 1005 2536 ἀρχῆς
1021 2493 1149 2533 αἰτίων,
1172 2495 1235 2526 983
1251 2504 1271 2525 a
1287 2496 1342 2526 25:
1366 2491 1423 2534 τὴν
1440 2488 1573 2536 πρώτην

163 2546 286 2579 αἰτίαν.
330 2545 379 2577 ef.
404 2546 530 2578 Bonita.
554 2551 722 2579 comment.
746 2557 776 2587 p.
796 2548 845 2578 59.

253 2600 276 2640 ⁸)
301 2600 396 2641 Phys.
423 2599 465 2640 11,
491 2602 518 2631 3.

1311 2660 1331 2697 l
