1837 3017
840 185 1092 224 ..56-

255 297 404 344 potest,
444 298 487 331 ut
514 290 679 331 materia
707 290 794 343 ipsa
821 304 863 329 se
891 294 1048 329 moveat
1074 289 1147 337 ita,
1175 288 1412 329 ut-‚exsistat
1437 288 1541 330 idem
1571 288 1675 343 quod

257 358 374 397 etiam
394 364 478 399 arte
497 356 679 396 efficitur.
739 356 872 396 Veluti
891 370 1032 409 corpus
1051 355 1278 405 humanum,
1306 354 1337 393 si
1361 360 1553 408 aegrotat,
1583 369 1674 396 casu

256 431 388 478 potest
420 425 475 463 ita
509 423 678 473 moveri,
713 430 758 464 ut
792 424 898 463 calor
935 423 1096 472 oriatur,
1131 435 1209 476 quo
1241 422 1345 462 iusta
1379 422 1554 475 corporis
1581 414 1692 463 tem-⁶

259 492 388 545 peries
422 491 602 541 efficitur,
640 492 696 530 ita
728 497 771 532 ut
804 490 1030 529 restituatur
1064 490 1169 529 bona
1200 488 1397 529 valetudo.
1452 489 1530 529 Hic
1556 489 1676 542 igitur

259 559 378 598 motio
408 572 510 610 quae
539 573 631 597 casu
662 558 811 598 exstitit
839 563 898 595 est
924 557 1064 597 eadem
1092 571 1170 610 qua
1205 556 1303 595 alias
1336 556 1459 595 utitur
1485 556 1674 597 medicus.

258 624 498 678 Ubicunque
533 632 664 665 autem
692 624 731 664 id
759 623 843 664 fieri
872 630 1016 678 potest,
1055 638 1148 664 casu
1183 636 1464 676 nonnunquam
1495 623 1542 663 fit
1573 622 1676 663 idem

258 692 363 743 quod
401 707 463 730 ars
503 693 660 731 efficere
696 692 807 730 solet.
865 691 1005 743 Neque
1038 691 1164 730 minus
1197 689 1238 728 id
1264 690 1304 728 in
1338 689 1457 729 rebus
1484 690 1678 743 reperitur

257 758 523 811 naturalibus,
560 759 625 799 ubi
656 773 748 799 casu
777 764 994 798 nascuntur
1021 771 1102 808 res,
1138 769 1303 811 quarum
1338 756 1504 798 materia
1531 763 1591 797 est
1618 770 1677 807 ea,

258 832 300 864 ut
327 827 413 878 ipsa
442 841 483 865 se
512 840 671 866 movere
701 826 822 880 possit
849 832 954 864 motu
985 838 1062 878 quo
1091 829 1223 864 movet
1250 836 1395 863 semen.
1442 824 1523 865 Ubi
1545 830 1675 864 autem

257 892 297 932 id
332 893 415 933 fieri
451 894 607 947 nequit,
645 908 714 933 eae
749 900 911 933 naturae
949 907 1026 933 non
1060 892 1240 932 oriuntur
1271 890 1346 931 nisi
1381 892 1546 933 exaliis
1574 901 1676 946 quae

258 961 416 1010 generis
452 967 542 1000 sunt
579 961 752 999 eiusdem
767 961 809 1012 ¹).
866 960 946 1000 Sed
989 960 1079 998 hinc
1116 965 1251 1011 petere
1287 959 1373 1011 quis
1407 960 1530 1012 possit
1564 974 1678 1013 argu—

260 1033 434 1066 mentum
464 1033 600 1066 contra
630 1027 881 1067 Aristotelem
912 1033 950 1066 et
979 1040 1187 1079 quaerere,
1216 1040 1305 1065 cum
1332 1025 1521 1066 eiusmodi
1550 1026 1610 1065 vis
1635 1025 1674 1066 in

261 1094 425 1133 materia
452 1094 561 1143 insit,
598 1094 711 1146 quid,
743 1094 950 1147 quominus
979 1093 1028 1132 ab
1057 1092 1167 1132 initio
1195 1107 1325 1133 rerum
1354 1107 1490 1133 omnes
1517 1099 1677 1133 naturas

262 1174 370 1198 mera
406 1161 592 1199 materiae
623 1162 659 1200 vi
689 1167 914 1214 procreatas
954 1174 1039 1199 esse
1079 1174 1291 1210 sumamus,
1329 1160 1526 1214 impediat.
1581 1160 1676 1199 Pro-

259 1227 363 1265 fecto
394 1227 495 1266 enim
525 1228 619 1267 satis
648 1242 726 1267 non
756 1234 816 1266 est
844 1227 996 1284 dicere,
1033 1242 1124 1266 casu
1160 1240 1224 1266 res
1257 1228 1456 1267 naturales
1485 1227 1676 1267 exsistere

260 1307 374 1346 posse
403 1309 468 1333 eas
497 1296 535 1334 in
568 1310 733 1348 quarum
753 1295 919 1335 materia.
938 1295 1031 1335 insit
1049 1307 1096 1334 ea
1115 1294 1186 1345 vis,
1213 1301 1256 1335 ut
1276 1294 1413 1335 eodem
1434 1309 1511 1349 quo
1539 1307 1675 1334 semen

260 1367 367 1400 motu
397 1362 481 1414 ipsa
509 1378 550 1401 se
580 1370 754 1412 moveat,
791 1363 857 1401 sed
895 1362 934 1401 id
964 1362 1092 1415 ipsum
1120 1362 1237 1402 certis
1265 1362 1408 1402 finibus
1436 1362 1677 1402 circumscri-

261 1429 432 1469 bendum
462 1438 532 1480 est,
563 1437 604 1470 ut
633 1431 731 1470 ratio
760 1431 809 1470 ab
839 1429 1019 1469 omnibus
1047 1429 1224 1483 partibus
1253 1435 1416 1469 constet.

368 1497 556 1536 Videmus
585 1505 736 1547 autem,
777 1497 955 1550 quamvis
985 1510 1097 1535 casus
1133 1496 1407 1548 agnoscendus
1436 1497 1508 1547 sit,
1542 1502 1674 1538 tamon

261 1563 490 1615 primariam
521 1578 607 1602 esse
637 1579 794 1604 causam
824 1564 1002 1612 finalem,
1043 1578 1130 1603 cum
1167 1564 1263 1603 haec
1292 1563 1450 1617 quidem
1480 1576 1600 1602 causa
1626 1563 1677 1602 sit

260 1643 331 1682 per
364 1644 424 1679 se,
462 1645 531 1681 per
566 1632 746 1671 accidens
783 1631 847 1670 ille
861 1631 907 1682 ι).
965 1629 1113 1670 Contra
1147 1645 1268 1685 saepe
1306 1631 1552 1671 desideratur
1585 1630 1673 1671 finis

260 1703 378 1750 atque
415 1698 526 1737 adest
562 1699 599 1737 id
637 1699 742 1752 quod
778 1699 812 1737 ei
851 1705 909 1737 est
943 1699 1200 1742 contrarium,
1230 1699 1267 1738 h.
1290 1713 1324 1738 e.
1355 1698 1467 1738 adest
1493 1697 1674 1752 privatio.

256 1764 317 1802 De
346 1765 418 1803 hac
447 1765 568 1816 igitur
598 1766 672 1805 iam
703 1766 816 1805 nobis
845 1771 906 1804 est
935 1764 1219 1804 disserendum.

362 1832 620 1884 Physicorum
657 1833 746 1872 libri
783 1832 897 1886 primi
932 1831 1021 1871 inde
1056 1846 1079 1871 a
1106 1833 1235 1885 capite
1271 1839 1411 1887 quarto
1440 1833 1675 1873 Aristoteles

260 1899 530 1938 demonstrare
565 1900 712 1949 studet,
763 1901 958 1938 contraria
1001 1913 1087 1938 esse
1125 1913 1256 1939 rerum
1290 1914 1427 1939 causas
1462 1900 1675 1941 accedente

260 1964 425 2005 materia
439 1965 480 2018 ³).
529 1967 669 2020 Itaque
693 1968 767 2007 tria
786 1966 979 2021 principia
998 1967 1206 2007 statuenda
1225 1973 1327 2018 sunt,
1359 1982 1525 2021 quorum
1554 1983 1675 2009 unum

354 2055 375 2095 ¹)
401 2057 439 2087 L,
462 2057 483 2087 l.
514 2060 593 2088 1034
610 2058 629 2087 b
645 2062 680 2089 4:
707 2057 771 2089 ὅσα
795 2057 832 2089 δὲ
857 2055 925 2088 ἀπὸ
949 2055 1160 2100 ταύτομάτου
1184 2055 1297 2098 ὥσπερ
1314 2057 1385 2090 ἐκεῖ
1396 2060 1559 2100 γίγνεται,
1584 2056 1676 2099 ὅᾳων

258 2107 275 2148 ἡ
300 2106 359 2148 ὕλη
384 2107 522 2141 δύναται
549 2111 606 2141 καὶ
630 2109 695 2153 ὑφ’
722 2109 820 2151 αὑτῆς
844 2114 1013 2143 κινεῖσθαι
1036 2110 1157 2151 ταύτην
1180 2110 1238 2152 τὴν
1260 2114 1393 2152 κίνησιν
1415 2110 1456 2152 ἣν
1478 2111 1515 2145 τὸ
1540 2114 1675 2155 σπέρμα

204 2196 208 2200 Α
260 2166 353 2194 κινεῖ.
399 2162 491 2194 ὅσων
514 2163 552 2195 δὲ
575 2162 632 2206 μή,
656 2165 758 2195 ταῦτα
782 2163 933 2196 ἀδύνατα
957 2161 1064 2200 ἄλλως
1086 2161 1196 2205 πωςῆ
1219 2164 1255 2200 ἐξ
1277 2163 1398 2198 αὐτῶν.

350 2217 371 2255 ²)
395 2216 494 2256 Phys.
519 2218 560 2255 II,
587 2220 616 2248 6.
644 2220 701 2249 198
717 2229 736 2249 a
753 2224 787 2249 5:
819 2218 891 2250 ἐπεὶ
920 2216 954 2249 ‹5’
980 2217 1049 2250 ἐστὶ
1071 2217 1107 2250 τὸ
1138 2216 1331 2261 αὐτόματον
1360 2219 1417 2250 καὶ
1441 2216 1462 2258 ἦ
1483 2216 1563 2260 τύχη
1587 2221 1676 2251 αἴτια

260 2262 306 2301 ὧν
330 2266 372 2301 ἂν
394 2267 412 2308 ἢ
437 2271 515 2303 νοῦς
537 2272 669 2310 γένοιτο
694 2273 798 2305 αἴτιος
819 2269 838 2310 ἢ
862 2270 974 2313 φύσις,
998 2269 1080 2302 ὅταν
1102 2269 1186 2302 κατὰ
1210 2270 1418 2313 συμβεβηκὸς
1441 2269 1548 2304 αἴτιόν
1569 2283 1600 2304 τι
1622 2273 1678 2313 γέ-

259 2333 354 2361 νηται
378 2320 504 2354 τούτων
527 2323 650 2362 αὐτῶν,
683 2321 785 2355 οὐδὲν
813 2324 850 2355 δὲ
880 2323 965 2357 κατὰ
989 2321 1197 2368 συμβεβηκός
1225 2324 1295 2357 ἔστι
1318 2323 1483 2368 πρότερον
1505 2326 1570 2359 τῶν
1593 2323 1674 2358 καθ’

259 2374 351 2414 αὑτό,
375 2376 478 2415 δῆλον
502 2376 549 2409 ὅτι
576 2376 659 2409 οὐδὲ
683 2377 720 2409 τὸ
744 2377 827 2408 κατὰ
851 2377 1059 2420 συμβεβηκὸς
1081 2380 1190 2410 αἴτιον
1213 2376 1379 2420 πρότερον
1401 2381 1461 2412 τοῦ
1484 2377 1564 2410 καθ’
1584 2376 1678 2410 αὑτό.

260 2426 398 2471 ὕστερον
421 2425 487 2469 ἄρα
516 2429 551 2462 τὸ
582 2429 776 2474 αὐτόματον
805 2432 861 2461 καὶ
883 2429 901 2471 ἡ
925 2429 1005 2472 τύχη
1038 2432 1095 2462 καὶ
1123 2431 1187 2463 νοῦ
1214 2432 1272 2463 καὶ
1294 2429 1437 2475 φύσεως·
1467 2429 1551 2465 ὥστ’
1576 2428 1677 2472 εῘΙὸτι

258 2481 405 2525 μάλιστα
435 2485 493 2515 τοῦ
522 2483 670 2526 οὐρανοῦ
706 2487 813 2517 αἴτιον
841 2485 876 2517 τὸ
910 2483 1115 2528 αὐτόματον,
1150 2483 1280 2526 ἀνάγκη
1317 2485 1482 2530 πρότερον
1511 2488 1595 2520 νοῦν
1622 2486 1679 2518 καὶ

260 2535 366 2578 φύσιν
390 2539 501 2569 αἰτίαν
525 2537 610 2570 εἶναι
635 2541 692 2570 καὶ
715 2535 827 2571 ἄλλων
851 2540 985 2572 πολλῶν
1008 2541 1065 2571 καὶ
1088 2538 1189 2571 τοῦδε
1213 2538 1345 2576 παντός.

348 2591 372 2631 ³)
396 2593 434 2623 L.
459 2593 480 2623 l.
505 2594 529 2630 I,
556 2599 583 2624 5.
611 2597 670 2625 188
687 2595 708 2625 b
726 2598 781 2625 21:
805 2596 835 2625 εἰ
856 2597 971 2626 τοίνυν
986 2591 1081 2625 τοῦτ’
1099 2593 1190 2624 ἐστὶν
1205 2591 1337 2634 ἀληθές,
1360 2592 1454 2627 ἅπαν
1470 2593 1514 2627 ἂν
1528 2597 1679 2636 γίγνοιτο

260 2641 295 2675 τὸ
319 2642 524 2687 γιγνόμενον
547 2648 604 2678 καὶ
628 2649 804 2689 φθείροιτο
834 2647 869 2680 τὸ
895 2644 1128 2691 φθειρόμενον
1150 2641 1170 2686 ἢ
1193 2646 1227 2683 ἐξ
1249 2646 1411 2683 ἐναντίων
1433 2646 1453 2690 ἢ
1476 2650 1523 2685 εἰς
1543 2647 1678 2682 ἐναντία
