1837 3017
816 173 859 179 -
916 148 969 188 33
1024 172 1067 177 -
1139 135 1153 151 ”

232 254 283 294 sit
319 254 591 309 praestantior,
633 254 666 294 is
704 261 747 295 ut
783 253 994 308 imperium
1035 254 1075 294 in
1107 254 1212 294 illam
1252 258 1437 294 exerceat
1471 251 1648 316 efficitur,

231 327 364 361 tamen
391 336 469 362 non
496 321 600 362 idem
630 321 735 375 quod
752 321 801 360 in
831 334 991 370 servos,
1025 320 1094 359 sed
1129 321 1397 361 aristocratiae
1426 319 1531 373 quod
1562 333 1650 358 con-

232 388 336 429 ferre
368 389 504 441 liceat3
545 402 675 443 neque
716 387 888 442 omnium
920 401 1054 429 rerum
1096 387 1303 443 imperium
1346 400 1535 441 arrogare
1576 385 1649 425 sibi

234 457 363 509 debet,
390 457 461 498 sed
482 471 583 511 quae
604 461 696 497 sunt
714 456 889 496 mulieris
916 455 1040 496 libero
1070 457 1151 496 eius
1180 457 1339 497 arbitrio
1368 454 1588 497 concedere
1605 454 1648 506 ¹).

337 525 389 565 At
416 522 500 564 sola
527 524 685 577 quidem
712 529 784 577 p'er
812 537 853 562 se
881 529 1021 563 neutra
1049 524 1186 564 harum
1213 524 1441 564 societatum
1461 522 1555 563 satis
1575 528 1648 563 est.

235 592 375 645 Itaque
418 604 516 644 opus
558 596 618 631 est
658 591 775 631 tertia
815 604 916 644 quae
957 596 1163 645 utramque
1210 591 1478 644 amplectatur.
1535 590 1648 630 Haec

235 664 367 700 autem
401 663 461 698 est
496 657 633 698 domus
672 657 754 698 sive
789 658 990 710 familia').
1042 659 1184 713 Neque
1218 659 1354 699 domus
1387 649 1471 698 sola
1505 672 1577 712 per
1605 671 1647 697 se

235 726 393 777 sufficit,
429 725 497 766 sed
526 732 565 765 et
591 726 677 778 ipsa
705 726 770 765 alii
807 726 911 779 quod
939 727 1067 779 potius
1095 727 1145 766 sit
1173 733 1232 767 est
1258 727 1499 767 subicienda.
1554 727 1649 766 Pro-

236 793 343 834 xima
379 798 509 833 autem
545 792 676 833 domui
711 794 946 835 consociatio
981 800 1039 834 est
1070 808 1196 848 pagus
1209 794 1251 847 ³).
1307 794 1370 834 Ex
1404 793 1517 847 pagis
1553 806 1645 833 vcro

237 860 501 914 compluribus
536 874 636 913 quae
676 860 829 899 exsistit
863 862 1031 900 societas
1069 862 1186 914 plena
1214 868 1253 900 et
1280 863 1476 913 perfecta,
1511 861 1648 899 civitas

235 935 314 981 est,
357 942 458 982 quae
497 928 576 968 iam
617 941 772 968 omnem
820 942 940 983 prope
982 928 1254 969 sufficientiam
1295 928 1336 968 in
1377 943 1418 968 se
1460 927 1646 968 continet.

235 996 480 1037 sufficientia
508 1001 638 1035 autem
663 996 750 1035 finis
780 1002 838 1035 est
865 1002 904 1035 et
932 996 1120 1049 optimum
1132 997 1175 1048 ⁴).
1227 997 1369 1050 Itaque
1397 996 1534 1035 civitas
1562 996 1649 1035 reli-

236 1077 402 1117 quarum
420 1062 651 1104 societatum
669 1065 839 1104 omnium
859 1068 919 1103 est
937 1063 1130 1104 absolutio
1150 1069 1189 1104 et
1208 1062 1507 1114 consummatio,
1528 1069 1648 1117 atque

235 1131 274 1170 in
304 1144 351 1170 ea
377 1130 533 1170 demum
568 1131 682 1174 homo
718 1129 858 1169 indolis
895 1131 1175 1183 perfectionem
1211 1145 1326 1184 quam
1356 1131 1480 1170 voluit
1507 1136 1649 1170 natura

235 1197 400 1251 adipisci
427 1203 557 1251 potest
584 1203 624 1237 et
651 1197 822 1236 omnium
850 1197 1075 1237 animalium
1104 1199 1236 1237 evadit
1254 1197 1648 1251 praestantissimum,

236 1280 326 1305 cum
354 1267 565 1317 pessimum
593 1265 643 1304 sit
671 1264 860 1315 omnium,
897 1265 930 1304 si
959 1265 1116 1305 civitate
1145 1271 1277 1305 careat
1291 1265 1332 1317 ⁵).
1389 1265 1539 1304 Civitas
1568 1265 1649 1318 qui-

234 1332 324 1373 dem
338 1338 463 1373 totum
479 1337 548 1383 est,
568 1331 776 1372 societates
791 1331 965 1385 reliquae
986 1338 1025 1372 et
1039 1331 1183 1386 singuli
1201 1332 1380 1372 homines
1401 1331 1483 1372 eius
1498 1337 1645 1385 partes.

235 1488 272 1523 ἕν
293 1500 324 1522 τι
347 1487 473 1530 κοινόν,
494 1489 553 1524 εἴτ’
580 1490 616 1523 ἐκ
640 1490 790 1531 συνεχῶν
813 1488 876 1522 εἴτ’
907 1488 944 1522 ἐκ
976 1489 1198 1533 διῃρημένων,
1226 1490 1264 1523 ἐν
1293 1488 1422 1524 ἅπασιν
1450 1491 1651 1534 ἐμφαίνεται

234 1541 271 1575 τό
293 1538 400 1586 ἄρχον
423 1544 480 1575 καὶ
502 1543 538 1577 τὸ
562 1541 763 1587 ἀρχόμενον.

327 1597 348 1637 ¹)
373 1599 445 1630 Eth.
468 1599 538 1629 Nio.
560 1598 649 1636 VIII,
675 1600 724 1628 12.
752 1599 833 1628 1160
848 1598 869 1629 b
886 1600 942 1629 32:
970 1596 1096 1640 ἀνδρὸς
1125 1597 1163 1630 δὲ
1192 1599 1250 1630 καὶ
1272 1596 1433 1640 γυναικὸς
1455 1595 1653 1639 ἀριστοκρα-

234 1649 307 1693 τικὴ
323 1656 496 1694 φαίνεται·
512 1649 586 1684 κατ’
602 1648 700 1687 ἀξίαν
713 1648 780 1694 γὰρ
796 1647 813 1682 ὁ
831 1648 915 1692 ἀνὴρ
932 1646 1038 1693 ἄρχει,
1061 1652 1118 1683 καὶ
1134 1653 1212 1695 περὶ
1226 1651 1329 1683 ταῦτα
1346 1648 1369 1682 ἃ
1383 1650 1438 1683 δεῖ
1448 1649 1508 1684 τὸν
1524 1647 1650 1694 ἄνδρα·

235 1702 300 1736 ὅσα
323 1704 362 1737 δὲ
383 1706 522 1747 γυναικὶ
544 1702 693 1748 ἁρμόζει,
716 1704 824 1748 ἐκείνῃ
847 1701 1072 1739 ἀποδίδωσιν.
1095 1696 1255 1738 ἁπάντων
1278 1705 1317 1737 δὲ
1340 1703 1505 1747 κυριεύων
1522 1702 1540 1736 ὁ
1564 1703 1650 1746 ἀνὴρ

235 1759 281 1794 εἰς
308 1756 507 1801 ὀλιγαρχίαν
533 1761 742 1803 μεθίστησιν.
787 1759 882 1790 Polit.
912 1761 946 1798 1,
980 1761 1028 1790 13.
1064 1762 1145 1791 1260
1169 1770 1189 1790 a
1213 1762 1268 1790 20:
1307 1756 1390 1789 ὥστε
1418 1757 1571 1800 φανερὸν
1598 1756 1649 1789 ὅτι

235 1810 326 1844 ἐστὶν
347 1811 449 1853 ἠθικὴ
471 1811 569 1856 ἀρετὴ
593 1812 660 1844 τῶν
682 1813 869 1854 εἰρημένων
892 1810 1040 1852 πάντων,
1065 1813 1123 1844 καὶ
1145 1809 1207 1852 οὐχ
1222 1809 1239 1851 ἡ
1257 1809 1340 1851 αύτὴ
1365 1810 1571 1853 σωφροσύνη
1595 1824 1651 1853 yv-

234 1863 349 1901 ναικὸς
373 1867 430 1897 καὶ
454 1863 588 1909 ἀνδρός,
612 1863 689 1897 οὐδ’
715 1863 838 1906 ἀνδρία
861 1866 918 1896 καὶ
941 1863 1151 1905 δικαιοσύνη,
1182 1862 1338 1905 καθάπερ
1362 1860 1442 1904 ᾤετο
1458 1864 1650 1908 Σωκράτης,

235 1914 310 1949 ἀλλ’
336 1915 358 1959 ἢ
379 1919 443 1962 μὲν
466 1916 587 1962 ἀρχικὴ
611 1916 734 1960 ἀνδρία
757 1917 778 1958 ἣ
801 1917 836 1949 δ’
861 1915 1051 1960 ὑπηρετική.
1086 1919 1131 1951 Cf.
1156 1918 1313 1949 Fritzsch.
1338 1919 1473 1950 Aristot.
1498 1920 1536 1950 de
1558 1921 1650 1951 amic.

235 1982 265 2013 p.
283 1975 333 2005 60.

323 2027 347 2066 ¹)
370 2028 465 2059 Polit.
488 2029 514 2066 Ι,
539 2031 567 2058 2.
594 2028 673 2059 1252
690 2028 711 2058 b
729 2030 763 2058 9:
789 2025 825 2057 ἐκ
848 2025 914 2068 μὲν
938 2022 999 2058 οὖν
1023 2023 1149 2058 τούτων
1172 2026 1238 2057 τῶν
1262 2024 1324 2057 δύο
1349 2028 1537 2060 κοινωνιῶν
1560 2029 1650 2059 οἰκία

234 2079 362 2123 πρώτη,
388 2082 446 2113 καὶ
469 2078 579 2122 ὀρθῶς
599 2078 759 2115 “Ησίοδος
780 2079 853 2112 εἶπε
877 2077 1020 2120 ποιήσας
1040 2076 1149 2111 ὀἷκον
1170 2078 1236 2122 μὲν
1259 2078 1429 2122 πρώτιστα
1451 2079 1596 2123 γυναῖκά
1619 2092 1652 2113 τε

233 2135 317 2176 βοῦν
331 2131 360 2168 τ’
387 2132 558 2177 ἀροτῆρα’.
583 2131 600 2166 ὁ
623 2132 690 2176 γὰρ
706 2135 785 2173 βοῦς
808 2133 884 2167 ἀντ’
903 2136 1033 2166 οἰκέτου
1048 2135 1117 2168 τοῖς
1139 2135 1282 2174 πένησίν
1305 2134 1405 2168 ἔστιν.

323 2188 347 2227 ³)
370 2190 407 2221 L.
429 2189 450 2220 1.
477 2191 558 2219 1252
574 2188 595 2219 b
615 2189 670 2219 15:
692 2186 710 2227 ἡ
735 2186 769 2218 δ’
795 2187 832 2219 ἐκ
855 2186 1021 2219 πλειόνων
1045 2188 1162 2220 οἰκιῶν
1185 2192 1346 2221 κοινωνία
1369 2187 1481 2230 πρώτη
1499 2188 1651 2231 χρήσεως

234 2240 346 2274 ἕνεκεν
367 2239 414 2284 μὴ
438 2240 610 2284 ἐφημέρου
633 2238 738 2283 κώμη.
761 2238 907 2283 μάλιστα
931 2239 970 2272 δὲ
993 2239 1079 2272 κατὰ
1103 2238 1209 2283 φύσιν
1231 2241 1340 2274 ἔοικεν
1355 2240 1374 2282 ἡ
1391 2239 1485 2286 κώμη
1509 2240 1649 2274 ἀποικία

235 2296 343 2330 οἰκίας
366 2294 462 2327 εἶναι.

321 2347 347 2387 ⁴)
370 2348 408 2378 L.
431 2348 454 2379 1.
477 2348 504 2387 1,
530 2350 558 2379 2.
585 2351 667 2380 1253
683 2359 702 2381 a
720 2351 747 2381 1.

324 2400 347 2441 ὅ)
370 2402 408 2432 L.
431 2401 453 2434 l.
477 2402 504 2441 1,
528 2404 558 2433 2.
585 2404 666 2434 1253
682 2413 701 2434 a
718 2405 776 2434 31:
800 2398 913 2442 ὥσπερ
935 2399 1003 2443 γὰρ
1026 2403 1083 2434 καὶ
1106 2401 1268 2434 τελεωθὲν
1289 2403 1461 2442 βέλτιστον
1477 2403 1543 2436 τῶν
1559 2400 1649 2444 ζῴων

234 2452 415 2499 ἅνθρωπός
443 2454 551 2494 ἐστιν,
581 2453 666 2487 οὕτω
698 2457 755 2487 καὶ
781 2454 953 2497 χωρισθὲν
979 2453 1089 2497 νόμου
1118 2456 1176 2487 καὶ
1197 2454 1291 2494 δίκης
1308 2458 1479 2496 χείριστον
1501 2455 1649 2490 πάντων.

235 2532 346 2542 .....
363 2506 416 2541 διὸ
441 2505 671 2541 ἀνοσιώτατον
695 2510 752 2541 καὶ
775 2505 983 2551 ἀγριώτατον
1007 2504 1087 2541 ἄνευ
1112 2507 1238 2550 ἀρετῆς,
1268 2510 1325 2540 καὶ
1354 2508 1438 2551 πρὸς
1459 2508 1650 2552 ἀφροδίσια

232 2565 290 2595 καὶ
311 2562 443 2604 ἐδωδὴν
466 2564 649 2605 χείριστον.
680 2562 699 2603 ἡ
729 2563 767 2594 δὲ
796 2561 995 2602 δικαιοσύνη
1026 2561 1211 2595 πολιτικόν·
1241 2561 1346 2604 ἡγὰρ
1375 2563 1451 2602 δίκη
1481 2565 1654 2605 πολιτικῆς

230 2620 407 2654 κοινωνίας
428 2614 517 2654 τάξις
540 2615 642 2651 ἐστίν·
668 2615 686 2658 ἡ
711 2617 749 2649 δὲ
768 2615 844 2658 δίκη
866 2617 926 2650 τοῦ
948 2616 1084 2649 δικαίου
1111 2619 1226 2660 κρίσις.

1381 2675 1406 2714 3
