1837 3017
807 207 857 214 -.
911 184 934 224 7
990 207 1035 214 .-

215 285 335 338 igitur
369 286 528 329 alterius
562 301 681 328 causa
715 293 787 328 est.
841 287 975 341 Atque
1011 287 1170 328 omnino
1207 300 1272 327 ars
1300 286 1378 326 alia
1404 287 1558 340 perficit
1586 293 1626 328 et

216 352 399 404 absolvit,
427 369 528 408 quae
554 361 693 399 natura
719 356 878 397 efficere
904 369 983 396 non
1011 356 1136 406 valet,
1170 355 1265 406 alia,
1305 367 1407 408 quae
1435 369 1459 394 a
1485 360 1625 395 natura

213 421 389 474 perfecta
424 429 531 475 sunt,
566 412 749 465 imitatur.
803 423 944 479 Itaque
980 423 1013 463 si
1048 436 1149 478 quae
1178 437 1250 478 per
1277 428 1402 463 artem
1431 422 1531 462 fiunt
1559 422 1625 461 ali-

214 489 323 530 euius
355 490 414 531 rei
445 505 564 531 causa
598 498 707 542 sunt,
744 491 863 532 etiam
896 492 1096 532 naturales
1132 505 1195 530 res
1229 490 1393 531 alicuius
1421 490 1477 530 rei
1506 504 1625 529 causa

214 569 300 596 esse
327 562 504 612 apparet.
557 557 661 599 Nam
690 558 830 598 eadem
862 560 962 598 ratio
989 558 1029 598 in
1057 557 1175 599 rebus
1204 564 1242 598 et
1269 558 1363 598 artis
1391 563 1432 597 et
1458 562 1624 597 naturae

212 624 420 665 intercedit
462 613 742 677 posterioribus
779 641 871 666 cum
917 626 964 665 iis
1006 639 1106 678 quae
1148 631 1239 665 sunt
1278 626 1447 678 priora.“
1504 625 1623 673 Quod

212 697 483 744 argumentum
521 693 554 732 si
587 693 721 746 paucis
755 692 1069 746 complectimur,
1108 699 1169 733 est
1203 693 1297 732 hoc:
1333 692 1442 731 Finis
1477 697 1621 732 natura

212 763 273 798 est
297 772 354 808 ea,
382 764 425 799 ut
452 773 566 812 quae,
594 766 722 800 ortum
752 761 784 799 si
812 766 979 813 spectas,
1005 761 1057 814 τῇ
1083 759 1248 813 γενέσει,
1279 765 1371 799 sunt
1397 759 1541 812 priora,
1569 772 1619 798 ex

158 876 162 878 .
211 825 346 867 ultimo
382 832 422 868 et
455 833 632 867 extremo
670 827 748 868 sint
785 842 986 881 suspensa.
1014 834 1023 839 “
1043 828 1172 877 Quam
1207 827 1399 868 rationem
1433 826 1472 866 in
1501 825 1619 866 rebus

212 907 313 947 quae
348 900 433 933 arte
470 893 692 934 efficiuntur
728 894 905 935 obtinere
940 901 1116 949 apparet.
1179 894 1303 948 Atqui
1340 907 1404 932 ars
1437 899 1618 933 naturam

210 967 277 1002 aut
303 960 475 1002 imitatur
503 967 571 1002 aut
597 963 751 1015 perficit
777 968 816 1003 et
844 962 894 1002 ad
921 963 1207 1004 absolutionem
1234 961 1416 1017 perducit
1444 975 1491 1001 ea
1517 976 1618 1015 quae

208 1034 348 1068 natura
374 1029 577 1070 absolvere
603 1044 681 1070 non
710 1036 850 1084 potest.
905 1030 1014 1082 Ergo
1042 1031 1159 1070 etiam
1177 1031 1217 1069 in
1236 1029 1482 1069 naturalibus
1501 1029 1619 1069 rebus

210 1110 327 1137 causa
353 1096 481 1137 finalis
509 1103 694 1150 operetur
721 1111 883 1138 necesse
912 1104 983 1137 est.
1037 1097 1120 1139 Sed
1146 1111 1198 1138 ne
1224 1097 1298 1137 hoc
1322 1096 1479 1151 quidem
1508 1111 1619 1150 ergu-

208 1170 383 1205 mentum
411 1165 743 1217 comprobandum
770 1171 841 1205 est.
895 1166 999 1205 Nam
1029 1166 1102 1205 etsi
1129 1180 1209 1215 ars,
1247 1180 1363 1218 quam
1399 1165 1498 1204 fines
1533 1179 1619 1217 pro-

209 1231 357 1286 positos
385 1231 495 1286 sequi
523 1237 700 1285 apparet,
728 1237 911 1273 naturam
938 1232 1124 1283 imitatur,
1151 1238 1282 1273 tamen
1301 1232 1341 1272 id
1360 1238 1443 1273 tum
1463 1245 1620 1286 quoque

209 1299 294 1339 fieri
320 1305 469 1353 potest,
504 1299 536 1337 si
569 1299 738 1338 mundus
772 1305 891 1352 atque
925 1313 989 1339 res
1027 1314 1127 1354 quae
1162 1301 1203 1340 in
1232 1314 1278 1340 eo
1305 1300 1438 1340 insunt
1466 1313 1513 1338 ea
1541 1313 1619 1352 qua

208 1365 332 1407 voluit
357 1366 618 1420 Empedocles
645 1366 797 1407 ratione
825 1367 1062 1408 exstiterunt
1075 1369 1116 1419 ¹).

310 1433 488 1474 Tertium
528 1434 699 1488 denique
738 1441 1032 1487 argumentum,
1071 1449 1151 1489 quo
1178 1435 1432 1489 philosophus
1460 1449 1619 1476 causam

207 1502 364 1542 finalem
401 1515 570 1554 regnare
602 1501 643 1541 in
681 1514 814 1541 rerum
846 1507 986 1542 natura
1021 1503 1203 1543 evincere
1236 1502 1388 1552 studet,
1426 1502 1618 1555 reperitur

207 1570 326 1622 Phys.
354 1569 419 1620 II,
454 1568 491 1608 6.
522 1568 595 1609 198
614 1569 823 1622 a5seqq.‚
866 1569 952 1619 ubi,
993 1575 1205 1623 postquam
1245 1584 1359 1609 casus
1400 1575 1441 1609 et
1473 1570 1621 1610 fortuiti

205 1641 387 1676 naturam
416 1636 618 1689 exposuit,
650 1637 782 1689 pergit
815 1636 857 1676 in
890 1636 995 1676 hunc
1020 1637 1105 1676 fere
1132 1635 1315 1676 modum:
1353 1636 1479 1689 „Cum
1507 1651 1620 1677 casus

206 1710 247 1744 et
279 1704 360 1744 fors
396 1716 539 1743 causae
572 1703 650 1743 sint
684 1717 818 1744 eorum
854 1718 1020 1757 quorum
1063 1704 1181 1743 etiam
1223 1717 1333 1743 mens
1372 1710 1441 1744 aut
1480 1710 1621 1746 natura

207 1785 326 1812 causa
357 1784 443 1811 esse
468 1775 618 1825 potest,
653 1771 809 1826 quando
836 1785 907 1826 per
934 1771 1115 1812 accidens
1145 1785 1262 1811 causa
1290 1771 1384 1825 quid
1411 1772 1455 1812 fit
1482 1786 1617 1813 eorum

207 1840 397 1893 ipsorum,
425 1838 522 1878 nihil
549 1845 682 1879 autem
711 1840 817 1892 quod
843 1853 914 1892 per
941 1839 1123 1879 accidens
1152 1844 1211 1878 est
1239 1837 1346 1891 prius
1365 1840 1415 1879 sit
1440 1840 1488 1879 iis
1517 1854 1618 1893 quae

207 1920 279 1961 per
305 1919 350 1946 se
376 1911 479 1956 sunt,
506 1919 558 1946 ne
586 1905 869 1947 accidentalem
898 1906 1056 1961 quidem
1085 1920 1241 1946 causam
1271 1921 1389 1947 causa
1417 1921 1519 1962 quae
1548 1922 1618 1961 per

206 1988 249 2014 se
276 1979 337 2014 est
362 1973 534 2026 priorem
570 1987 657 2014 esse
690 1980 866 2028 apparet.
922 1974 1120 2015 Posterior
1155 1974 1276 2027 igitur
1313 1989 1428 2015 casus
1464 1989 1510 2015 ac
1536 1975 1619 2015 fors

207 2047 267 2082 est
303 2046 343 2081 et
375 2046 508 2081 mente
550 2047 590 2081 et
622 2044 801 2082 natura.“
858 2041 932 2083 Cui
973 2040 1296 2082 demonstrationi
1336 2043 1501 2083 multum
1540 2058 1618 2084 mo-

205 2107 327 2148 menti
360 2108 613 2149 tribuendum
649 2122 735 2148 esse
768 2110 835 2149 vix
871 2115 1066 2162 putamus.
1120 2108 1224 2148 Nam
1253 2124 1370 2150 causa
1397 2110 1503 2150 finali
1530 2111 1618 2164 ipsa

205 2176 312 2216 nisus
347 2176 601 2230 philosophus
636 2191 748 2217 casus
784 2184 823 2217 et
860 2176 971 2216 fortis
1004 2183 1186 2217 naturam
1224 2165 1448 2228 definierat,
1486 2192 1618 2231 neque

207 2242 413 2297 quisquam
441 2243 641 2285 notionem
667 2258 779 2285 casus
807 2257 924 2298 quam
953 2243 1189 2285 Aristoteles
1226 2245 1410 2300 proponit
1437 2245 1615 2300 accipiet,

205 2310 280 2350 nisi
307 2310 427 2349 finem
454 2325 612 2350 causam
640 2325 726 2351 esse
752 2311 978 2363 primariam
1013 2312 1093 2352 iam
1122 2318 1238 2352 antea
1265 2314 1483 2365 agnoverit.
1539 2315 1616 2353 Ita-

207 2390 284 2432 que
315 2375 356 2417 id
394 2391 472 2430 quo
508 2378 718 2433 Stagirites
755 2392 913 2419 causam
949 2378 1108 2421 finalem
1147 2379 1326 2421 obtinere
1362 2380 1617 2434 comprobare

206 2444 352 2494 studet,
390 2458 440 2484 ex
471 2445 547 2485 hac
583 2446 671 2500 ipsa
705 2451 838 2500 aptum
872 2460 1183 2502 suspensumque
1220 2453 1288 2487 est.
1342 2448 1472 2501 Atque
1506 2462 1617 2502 prae-

206 2520 315 2555 terea
348 2512 454 2553 aliud
487 2513 581 2567 quid
614 2514 670 2555 illi
705 2515 1033 2568 argumentationi
1061 2529 1261 2570 opponere
1288 2515 1393 2555 licet.
1446 2515 1615 2556 Etiamsi

297 2657 319 2699 ²)
341 2655 549 2691 Trendelenb.
574 2658 653 2701 Log.
678 2658 802 2690 Unters.
825 2658 867 2697 11,
890 2667 920 2699 p.
938 2661 988 2694 66.
