1837 3017
799 183 1049 223 „19-

220 289 330 328 dem.
385 287 532 341 (Quam
561 288 612 327 ob
639 301 724 327 rem
752 293 839 326 orta
858 287 891 325 si
910 293 1015 326 esset
1041 288 1217 339 materia,
1246 301 1298 327 ex
1325 287 1490 327 materia
1517 288 1628 327 fieret

219 368 381 397 neeesse
408 354 526 409 erat).
580 353 675 396 Sive
703 354 816 410 perit,
843 354 885 395 in
912 360 1038 395 semet
1062 354 1187 409 ipsam
1219 360 1398 397 extremo
1432 353 1624 405 deveniet,

221 437 245 463 a
271 423 323 463 33
349 421 408 472 εἷς
433 425 567 474 τοῦτο,
595 423 717 463 intell.
746 420 804 471 εἷς
828 422 900 477 τήν
925 419 1023 475 ῧλην
1038 422 1077 475 ¹).
1119 424 1259 478 Itaque
1293 423 1473 477 periisset
1506 422 1627 475 prius·

220 504 339 544 quam
364 491 550 545 periret.“

327 558 457 608 Quam
492 558 869 612 argumentationem
903 572 981 598 non
1017 557 1173 597 difficile
1215 565 1273 598 est
1312 560 1398 599 visu
1438 558 1509 599 niti
1544 573 1628 599 sen-

211 627 362 676 tentias
385 640 436 666 ex
462 626 583 666 nihilo
610 626 707 666 nihil
726 626 811 666 fieri
829 639 959 679 neque
979 625 1192 679 quidquam
1217 626 1256 665 in
1275 625 1438 666 nihilum
1465 626 1626 666 dissolvi

220 707 335 746 posse
346 693 390 745 ²).
444 694 585 746 Itaque
622 694 671 733 en
701 693 923 733 Aristotelis
956 699 1089 732 mente
1125 693 1248 732 omnis
1282 699 1389 732 ortus
1425 700 1483 731 est
1523 708 1627 733 com-

220 759 362 812 positio
389 760 577 802 materiae
596 766 636 801 et
654 761 827 811 formae„
846 759 970 800 omnis
997 758 1176 799 interitus
1196 759 1400 801 disiunctio
1412 759 1456 813 ³).
1496 759 1624 808 Quam

215 828 453 868 sententiam
482 829 513 867 si
540 829 754 868 retinemus
788 834 906 880 atque
943 827 1107 866 eandem
1144 842 1261 879 quam
1289 827 1520 866 Aristoteles
1548 829 1625 866 ma-

221 895 343 935 teriae
369 894 578 935 tribuimus
604 901 798 944 naturam,
827 894 1007 948 profecto
1026 908 1073 933 ea
1092 893 1184 933 oriri
1211 908 1289 933 non
1318 900 1448 948 potest
1474 894 1548 934 nisi
1575 909 1625 934 ex

220 964 384 1003 materia
409 976 542 1016 neque
568 963 609 1001 in
637 963 742 1001 aliud
770 961 864 1015 quid
892 962 1047 1015 periens
1075 961 1232 1000 dissolvi
1252 962 1325 1000 nisi
1349 963 1387 1001 in
1407 963 1624 1013 materiam,

220 1029 277 1069 ita
309 1035 354 1069 ut
384 1030 523 1069 fuisset
561 1029 791 1083 priusquam
833 1034 919 1068 orta
959 1034 1062 1069 esset
1102 1034 1143 1068 et
1182 1029 1407 1082 priusquam
1449 1029 1626 1069 interiret

219 1096 441 1137 interiisset.

300 1176 306 1183 ·
323 1164 437 1204 Haec
455 1170 587 1204 autem
606 1165 770 1204 materia
788 1178 858 1218 per
878 1177 920 1203 se
939 1164 1044 1203 omni
1066 1164 1193 1203 forma
1208 1169 1247 1203 et
1262 1159 1447 1217 qualitate
1462 1172 1569 1205 caret
1579 1164 1623 1218 ⁴).

222 1231 337 1279 Quae
378 1231 482 1271 enim
523 1231 747 1270 tribuuntur
785 1232 971 1271 materiae
1016 1231 1240 1284 qualitates,
1287 1245 1357 1270 eae
1390 1246 1433 1270 re
1468 1233 1625 1285 quidem

219 1312 310 1339 cum
336 1297 502 1340 materia
527 1298 566 1338 in
594 1312 714 1339 unum
735 1299 969 1350 coalescunt,
998 1303 1135 1339 contra
1153 1298 1311 1338 notione
1330 1298 1495 1339 materia
1513 1300 1562 1339 ab
1578 1300 1625 1340 iis

314 1462 335 1501 ¹)
357 1463 433 1494 Alia
456 1466 551 1503 atque
573 1473 632 1495 nos
653 1464 777 1495 ratione
799 1463 879 1495 haec
901 1462 1001 1494 verba
1022 1463 1248 1503 interpretatus
1266 1467 1315 1493 est
1329 1463 1510 1494 Prantlius:
1536 1464 1628 1500 „Und

221 1515 377 1556 verginge
399 1526 443 1555 er,
473 1526 508 1547 so
531 1516 640 1547 winde
663 1526 696 1547 er
716 1517 775 1547 auf
793 1516 849 1547 das
872 1517 920 1547 als
943 1519 1123 1547 ausser-stes
1146 1515 1311 1554 kommen,
1343 1516 1417 1547 dass
1440 1526 1473 1546 er
1494 1526 1629 1557 vergan-

221 1577 284 1609 gen
306 1570 376 1599 sein
398 1571 531 1608 museto,
554 1570 612 1600 ehe
634 1579 668 1600 er
689 1570 873 1610 verginge.‘
910 1569 983 1600 Hoc
1005 1573 1104 1600 esset:
1127 1569 1260 1599 materia
1275 1569 1304 1599 si
1318 1570 1444 1608 periret,
1468 1574 1628 1601 extremus

223 1623 293 1653 eius
316 1625 421 1655 statua
444 1627 529 1655 esset
551 1624 765 1664 discrepantia
786 1623 900 1665 logica.
942 1624 986 1654 At
1000 1633 1060 1655 nos
1076 1623 1205 1663 quidem
1220 1623 1255 1654 in
1278 1623 1524 1664 discrepantiam
1546 1624 1628 1665 logi-

221 1684 308 1714 cam,
337 1677 366 1707 si
387 1677 451 1708 tale
473 1677 551 1716 quid
572 1680 768 1715 statamus,
800 1678 959 1707 incurrere
990 1677 1054 1706 dici
1077 1685 1264 1715 possumuS,
1295 1678 1430 1706 materia
1452 1686 1516 1708 non
1540 1678 1626 1708 item.

221 1728 342 1760 Fraudi
369 1729 511 1760 Prantlio
543 1729 672 1760 videtur
703 1730 803 1761 fuisse
837 1729 970 1761 liberior
998 1729 1126 1770 generis
1152 1729 1297 1760 neutrius
1321 1729 1380 1768 (εἰς
1399 1729 1510 1770 τοῦτο)
1533 1740 1623 1769 usus,

222 1781 262 1811 de
280 1791 344 1821 quo
366 1782 405 1812 cf.
428 1783 552 1815 Bonitz.
574 1783 651 1813 Met.
673 1785 838 1814 comment.
861 1792 892 1822 p.
911 1785 981 1813 157.
1014 1782 1169 1813 Fritzsch.
1192 1783 1290 1812 Arist.
1316 1782 1354 1812 de
1377 1784 1497 1814 amicit.
1525 1793 1557 1823 p.
1574 1785 1626 1814 34.

221 1833 340 1867 Waitss.
364 1835 483 1875 Organ.
505 1835 531 1873 1,
555 1844 586 1874 p.
603 1836 674 1867 291.
697 1834 775 1864 Zell.
798 1834 872 1864 Eth.
895 1835 964 1867 Nic.
988 1839 1156 1866 comment.
1178 1845 1210 1875 p.
1227 1838 1278 1867 22.

313 1908 339 1948 ’)
361 1909 439 1940 Met.
460 1909 498 1947 B,
522 1911 552 1939 4.
577 1910 638 1940 999
653 1908 676 1939 b
692 1913 725 1939 5:
748 1906 833 1939 ἀλλὰ
854 1907 922 1951 μὴν
945 1910 977 1941 εἴ
988 1919 1027 1950 γε
1042 1906 1154 1941 ἀΐδιον
1177 1906 1280 1940 οὐθέν
1303 1907 1405 1947 ἐστιν,
1428 1906 1509 1940 οὐδὲ
1530 1911 1627 1950 γένε-

223 1968 278 1993 σιν
298 1959 386 1993 εἶναι
408 1958 569 1993 δυνατόν’
593 1958 724 2002 ἀνάγκη
745 1959 812 2005 γὰρ
835 1960 924 1994 εἶναι
943 1973 974 1994 τι
995 1960 1032 1994 τὸ
1056 1958 1260 2004 γιγνόμενον
1283 1963 1341 1993 καὶ
1363 1961 1398 1998 ἐξ
1414 1954 1453 1993 οὗ
1476 1963 1627 2004 γίγνεται

222 2011 427 2048 καὶτούτων
448 2013 485 2048 τὸ
510 2015 653 2057 ἔσχατον
681 2013 878 2057 ἀγέννητον,
906 2017 999 2057 εἴπερ
1023 2016 1158 2048 ἵσταταί
1175 2026 1210 2047 τε
1235 2017 1292 2047 καὶ
1318 2015 1355 2048 ἐκ
1382 2014 1429 2058 μὴ
1457 2011 1553 2052 ὄντος
1574 2018 1628 2058 γί-

221 2072 367 2109 γνεσθαι
389 2066 569 2101 ἀδύνατον.

312 2140 336 2182 ³)
357 2142 443 2176 Met.»
456 2144 492 2183 Z,
516 2146 547 2175 8.
573 2145 653 2176 1033
669 2143 691 2176 b
711 2147 763 2176 12:
800 2141 909 2184 δεήσει
931 2140 996 2185 γὰρ
1027 2141 1195 2186 διαιρετὸν
1224 2143 1311 2177 εἶναι
1333 2142 1384 2176 ἀεὶ
1409 2143 1445 2177 τὸ
1468 2142 1627 2188 γιγνόμε-

224 2204 296 2234 νον,
319 2196 377 2226 καὶ
397 2194 485 2229 εἶναι
504 2194 541 2228 τὸ
564 2197 630 2240 μὲν
652 2194 729 2230 τόδε
751 2196 787 2229 τὸ
808 2194 948 2235 δὲτάδε,
972 2196 1058 2237 λέγω
1075 2194 1109 2227 δ’
1128 2193 1179 2229 ὅτι
1194 2196 1231 2229 τὸ
1246 2197 1312 2240 μὲν
1328 2196 1409 2238 ὕλην
1424 2198 1459 2230 τὸ
1477 2197 1512 2230 δ’
1530 2198 1629 2234 εἶδος.

224 2248 246 2280 b
263 2250 319 2279 162
343 2248 496 2293 φανερὸν
519 2248 560 2290 δὴ
582 2249 619 2282 ἐκ
642 2251 708 2284 τῶν
730 2251 912 2293 εἰρημένων
934 2246 985 2281 ὅτι
1005 2247 1041 2281 τὰ
1066 2249 1131 2292 μὲν
1151 2247 1196 2285 ὦς
1218 2250 1306 2286 εἶδος
1328 2247 1348 2291 ἢ
1371 2250 1468 2283 οὐσία
1491 2250 1629 2296 λεγόμε-

225 2310 287 2333 νον
309 2299 348 2332 οὐ
369 2303 540 2344 γίγνεται,
562 2301 582 2344 ἡ
605 2303 643 2336 δὲ
666 2302 811 2338 σύνοδος
831 2301 850 2342 ἡ
873 2303 955 2334 κατὰ
978 2300 1101 2343 ταύτην
1123 2304 1288 2347 λεγομένη
1310 2307 1476 2347 γίγνεται,
1499 2306 1556 2337 καὶ
1579 2303 1628 2338 ὅτι

225 2353 263 2388 ἔν
284 2355 387 2389 παντὶ
408 2356 454 2398 τῷ
473 2359 644 2402 γενομένῳ
665 2355 726 2398 ὕλη
750 2357 867 2396 ἔνεστι,
893 2357 950 2388 καὶ
972 2355 1041 2389 ἔστι
1064 2357 1100 2390 τὸ
1123 2359 1187 2400 μέν
1209 2355 1286 2391 τόδε
1308 2357 1344 2390 τὸ
1369 2359 1407 2392 δὲ
1429 2358 1515 2392 τόδε.

313 2434 338 2474 ⁴)
361 2435 437 2468 Met.
459 2437 495 2476 Z,
519 2438 549 2468 3.
574 2439 655 2469 1029
672 2448 691 2469 a
707 2440 762 2469 24:
785 2433 869 2468 ὥστε
890 2433 927 2467 τὸ
951 2434 1095 2477 ἔσχατον
1117 2435 1198 2469 καθ’
1222 2436 1302 2470 αὑτὸ
1328 2434 1402 2471 οὔτε
1425 2440 1453 2471 τὶ
1470 2435 1543 2471 οὕτε
1566 2449 1625 2470 πο-

227 2487 290 2521 σόν
317 2485 394 2520 οὔτε
421 2484 502 2519 ἄλλο
534 2488 637 2522 οὐθέν
664 2490 765 2523 ἐστιν,
808 2491 849 2528 Ζ,
876 2492 924 2522 10.
950 2492 1031 2522 1036
1048 2502 1067 2522 a
1083 2493 1120 2521 8:
1151 2489 1171 2529 ἡ
1200 2490 1236 2521 δ’
1260 2488 1321 2530 ὕλη
1350 2488 1519 2532 ἄγνωστος
1541 2490 1624 2524 καθ’

227 2537 342 2581 αὑτήν.
385 2541 427 2580 Ζ,
453 2544 502 2572 11.
529 2545 608 2574 1037
625 2546 717 2576 ⁸27:
746 2541 829 2585 μετὰ
855 2540 921 2585 μὲν
948 2540 1015 2584 γὰρ
1044 2543 1100 2584 τῆς
1127 2541 1204 2583 ὕλης
1226 2542 1289 2575 οὐκ
1317 2543 1406 2577 ἔστιν
1436 2546 1505 2578 soil.
1529 2543 1629 2587 λόγος

226 2591 396 2636 (ἀόριστον
417 2591 508 2636 γάρ).
553 2595 651 2637 Phys.
674 2598 733 2636 111,
758 2599 785 2629 6.
811 2598 868 2628 207
887 2606 906 2626 a
921 2598 977 2627 25:
1002 2594 1054 2628 διὸ
1072 2596 1128 2628 καὶ
1145 2593 1317 2638 ἄγνωστον
1332 2588 1353 2640 ᾗ
1368 2592 1524 2640 ἔπειρον·
1542 2599 1631 2634 εἶδος

226 2645 293 2690 γὰρ
315 2645 377 2679 οὐκ
400 2647 466 2688 ἔχει
488 2644 507 2687 ἡ
531 2645 600 2688 ὕλη.

1330 2709 1381 2748 2*
