1837 3017
717 181 968 220 -67—

141 286 291 336 docuit,
327 284 376 325 ab
411 298 457 325 eo
494 284 599 339 quod
633 283 861 340 appetibilia
893 289 933 324 et
967 282 1236 338 intellegibilia
1263 282 1401 323 eodem
1430 282 1545 324 modo

139 358 322 395 moveant
355 354 554 406 profectus
588 353 753 393 eandem
787 352 1044 392 substantiam
1078 366 1268 391 summum
1307 363 1393 389 esse
1427 350 1546 390 finem

141 419 380 473 comprobat.
436 418 517 460 Sed
559 414 851 459 eoncedendum
895 424 976 468 est,
1027 418 1129 458 hunc
1169 419 1297 458 locum
1338 431 1418 457 non
1462 430 1546 456 esse

141 493 286 541 aptum,
314 486 382 526 ubi
409 486 665 526 substantiam
692 486 797 525 illam
827 484 963 526 mundi
989 484 1105 524 finem
1134 498 1218 524 esse
1247 473 1544 525 demonstretur.

140 555 243 595 Nam
278 553 374 593 nihil
409 553 514 593 aliud
547 553 674 592 adhuc
702 552 933 592 Aristoteles
969 551 1102 594 docuit
1135 552 1208 591 nisi
1243 559 1434 592 motorem
1471 552 1544 605 pri-

141 634 245 661 mum
286 633 373 659 esse
413 625 634 669 aeternum,
674 619 897 668 immotum,
947 618 1227 669 substantiam,
1273 625 1418 658 actum.
1473 618 1544 659 Sin

141 693 269 727 autem
297 693 437 726 natura
466 699 640 726 summae
668 685 928 736 substantiae,
963 699 1064 739 quae
1093 685 1227 726 eadem
1256 701 1427 726 summus
1455 687 1544 726 finis

143 761 212 805 est,
239 755 303 795 hit
328 753 419 793 solis
447 753 567 792 utitur
595 753 814 803 virtutibus,
842 752 1052 793 admodum
1079 754 1222 806 exigua
1251 760 1309 792 est
1337 761 1375 793 et
1402 757 1526 806 inops.

244 820 445 872 Proximis,
480 819 732 873 philosophus
774 825 921 859 motum
961 821 1295 874 mutationemque
1329 835 1484 861 omnem
1523 836 1545 860 a

142 888 360 930 substantia
396 888 521 941 prima
562 888 698 928 abesse
742 888 899 928 efficere
947 889 1077 928 studet
1090 888 1130 941 ¹).
1187 887 1276 935 Quo
1317 889 1420 928 facto
1461 889 1547 928 sub-

141 957 195 997 ito
239 955 501 996 conditionem
545 955 625 996 eius
664 955 852 996 describit
888 956 1027 1007 talem,
1071 963 1114 996 ut
1157 962 1326 996 mentem
1363 970 1448 996 esse
1484 971 1548 1010 ap·

141 1030 290 1077 pareat.
347 1023 427 1064 Sed
456 1024 650 1077 quomodo
677 1023 716 1063 id
745 1024 829 1062 fieri
856 1025 1013 1077 potest?
1058 1025 1264 1064 Profectus
1294 1030 1377 1063 erat
1403 1025 1549 1064 Aristo—

143 1091 243 1131 teles
279 1091 319 1130 in
348 1091 569 1131 definienda
602 1090 751 1144 primae
785 1091 1026 1131 substantiae
1060 1098 1200 1131 natura
1228 1107 1251 1130 a
1277 1098 1382 1131 motu
1414 1092 1479 1144 qui
1507 1092 1545 1131 in

143 1158 217 1198 hoc
251 1158 397 1199 mundo
431 1159 552 1209 inest,
586 1164 704 1211 atque
746 1159 850 1198 hunc
878 1160 926 1199 ab
961 1159 1028 1198 illa
1063 1172 1222 1198 manare
1257 1158 1546 1198 demonstrave-

141 1232 213 1265 rat.
259 1227 345 1266 Iam
373 1226 422 1265 ad
451 1232 620 1266 mentem
650 1226 845 1280 quomodo
874 1226 1111 1280 perducatur
1140 1227 1401 1276 statuendam,
1431 1227 1544 1266 facile

144 1298 202 1332 est
238 1293 287 1333 ad
324 1293 547 1333 videndum.
603 1293 734 1333 Motus
779 1294 879 1333 enim
925 1294 1127 1334 constituit
1166 1293 1352 1333 mundum
1396 1307 1546 1334 omnes-

143 1374 219 1412 que
264 1373 364 1413 quae
406 1375 450 1400 eo
496 1361 742 1400 continentur
782 1368 954 1401 naturas.
1010 1361 1111 1400 Boni
1147 1367 1278 1401 autem
1316 1367 1353 1400 et
1394 1362 1547 1414 pulchri

146 1425 251 1479 quod
279 1432 318 1466 et
344 1427 382 1467 in
402 1427 574 1480 'singulis
601 1428 718 1467 rebus
747 1435 784 1468 et
811 1428 851 1468 in
879 1429 953 1468 hac
989 1442 1119 1467 rerum
1155 1428 1408 1467 universitate
1442 1442 1550 1482 repe-

142 1493 241 1533 ritur
275 1494 486 1547 originem,
528 1496 560 1534 si
593 1484 794 1548 sequimur
830 1496 1102 1543 Aristotelem,
1139 1496 1312 1534 tribuere
1347 1509 1425 1534 non
1458 1496 1553 1534 licet

141 1561 216 1600 nisi
243 1561 483 1601 substantiae
509 1563 697 1616 providae
725 1577 772 1601 ac
799 1563 999 1615 praeditae
1027 1568 1159 1603 mente
1170 1562 1211 1615 ²).
1267 1562 1436 1602 Omnino
1466 1577 1553 1602 con-

141 1633 249 1667 stans
277 1628 501 1669 Aristotelis
529 1630 648 1669 fuisse
676 1630 870 1669 sententia
897 1630 1063 1680 videtur,
1098 1629 1234 1669 ordine
1268 1643 1313 1669 ac
1341 1630 1553 1683 pulchritu-

141 1694 231 1734 dine
266 1695 402 1735 mundi
438 1697 532 1751 quin
569 1697 774 1750 adigamur
807 1697 855 1737 ad
883 1711 1027 1738 numen
1056 1697 1229 1737 divinum
1257 1698 1548 1750 agnoscendum

138 1777 210 1801 nos
242 1763 375 1803 facere
411 1779 489 1804 non
522 1764 691 1819 posse³).
746 1766 886 1818 Itaque
918 1766 1038 1805 motio
1068 1780 1144 1818 qua
1174 1765 1341 1804 mundus
1370 1765 1550 1804 conditus

228 1952 250 1993 ¹)
273 1953 310 1985 L.
334 1954 355 1985 1.
385 1956 463 1984 1072
480 1953 500 1984 b
517 1955 631 1986 4-13.

228 2006 250 2044 ¹)
272 2006 349 2037 Met.
372 2007 412 2045 A,
437 2010 465 2038 3.
490 2007 588 2038 984b
608 2011 662 2038 11:
697 2008 755 2038 τοῦ
784 2005 850 2048 γὰρ
879 2004 916 2038 εὖ
944 2007 1001 2037 καὶ
1027 2006 1135 2041 καλῶς
1162 2005 1202 2037 τὰ
1231 2006 1298 2049 μὲν
1326 2007 1414 2049 ἔχειν
1443 2006 1483 2040 τὰ
1514 2008 1552 2040 δὲ

135 2060 315 2101 γίγνεσθαι
344 2060 410 2092 τῶν
438 2057 545 2092 ὄντων
573 2062 651 2095 ἴσως
682 2056 756 2092 οὔτε
785 2061 851 2101 πῦρ
883 2057 957 2091 οὔτε
986 2060 1050 2101 γῆν
1078 2055 1148 2091 οὔτ’
1182 2054 1264 2091 ἄλλο
1298 2062 1363 2093 τῶν
1392 2060 1552 2095 τοιούτων

136 2111 240 2146 οὐθὲν
264 2109 336 2146 οὔτ’
361 2112 451 2149 εἰκὸς
481 2116 587 2147 αἴτιον
616 2114 701 2147 εἶναι
729 2112 800 2146 οὔτ’
827 2114 973 2147 ἐκείνους
1001 2114 1175 2153 οἰηθῆναι·
1208 2111 1284 2145 οὐδ’
1311 2110 1353 2145 αὖ
1382 2116 1428 2155 τῷ
1457 2113 1552 2147 αὐτο-

133 2163 229 2209 μάτῳ
250 2168 308 2199 καὶ
330 2168 369 2211 τῇ
391 2165 471 2210 τύχῃ
495 2169 656 2200 τοσοῦτον
679 2168 850 2208 ἐπιτρέψει
873 2167 1014 2210 πρᾶγμα
1046 2168 1157 2201 καλῶς
1185 2166 1283 2208 εἶχεν.
1313 2169 1396 2201 νοῦν
1432 2167 1473 2209 δή
1505 2181 1552 2205 τις

135 2220 239 2254 cimba·
263 2220 359 2262 εἶναι,
383 2218 538 2264 καθάπερ
560 2221 595 2254 ἐν
618 2224 686 2256 τοῖς
709 2217 812 2262 ζῳοις,
836 2222 893 2251 καὶ
916 2220 952 2253 ἐν
967 2221 1006 2263 τῇ
1017 2217 1126 2284 ἱφύσει
1142 2219 1202 2254 τὸν
1218 2224 1325 2255 αἴτιον
1341 2224 1399 2254 τοῦ
1416 2221 1547 2266 κόσμου

135 2275 193 2305 καὶ
212 2275 268 2316 τῆς
289 2272 345 2312 τά
335 2276 410 2311 “cmc
432 2273 540 2314 πάσης
563 2271 635 2307 οἷον
658 2272 776 2317 νήφων
799 2272 909 2317 ἐφάνη
941 2273 1026 2317 παρ’
1053 2276 1126 2318 εἰκῇ
1149 2276 1306 2337 λιέγοντας
1328 2276 1404 2311 τοὺς
1427 2274 1548 2317 πρότε-

133 2338 204 2368 ρον.
249 2334 297 2369 Λ,
323 2332 373 2362 10.
397 2330 458 2362 in.:
485 2326 726 2360 Ἐπισκεπτέον
755 2327 791 2359 δὲ
816 2328 872 2358 καὶ
896 2330 1046 2370 ποτέρως
1068 2328 1136 2371 ἔχει
1158 2327 1177 2369 ἡ
1200 2330 1260 2361 τοῦ
1283 2327 1364 2361 ὅλου
1390 2328 1492 2373 qums
1514 2329 1549 2363 τὸ

135 2380 271 2423 ἀγαθὸν
294 2380 409 2414 καὶτὸ
433 2392 583 2424 αριστον,
611 2380 755 2423 πότερον
777 2384 1027 2424 κεχωρισμένον
1049 2395 1080 2414 τι
1108 2384 1165 2414 καὶ
1197 2380 1277 2414 αὐτὸ
1308 2382 1389 2415 καθ’
1416 2382 1508 2422 αὑτό,
1530 2380 1550 2423 ἢ

133 2433 193 2474 τὴν
214 2433 322 2472 τάξινῑ
346 2432 366 2475 ἢ
389 2433 591 2477 αμφοτέρως
613 2433 725 2476 ὥσπερ
750 2432 948 2476 στράτευμα.
973 2436 1030 2466 καὶ
1053 2434 1119 2478 γὰρ
1143 2435 1180 2468 ἐν
1201 2435 1243 2478 τῇ
1265 2433 1352 2471 τάξει
1376 2434 1411 2466 τὸ
1436 2432 1471 2467 εὖ
1494 2438 1552 2467 καὶ

133 2485 151 2520 ὁ
177 2486 378 2532 στρατηγός,
407 2490 464 2521 καὶ
492 2490 624 2532 μᾶλλον
649 2489 760 2524 οὗτος·
790 2485 829 2520 οὐ
852 2487 919 2532 γὰρ
943 2500 1037 2525 ουτος
1063 2488 1121 2521 διὰ
1144 2487 1206 2529 τὴν
1229 2486 1322 2524 ταξιν
1344 2487 1416 2521 αλλ’
1443 2490 1551 2530 ἐκείνη

134 2540 190 2572 διὰ
213 2539 335 2575 τοῦτόν
360 2542 460 2575 ἔστιν.

224 2595 248 2635 ³)
273 2596 407 2636 Sextus,
438 2596 591 2628 adversus
619 2597 800 2628 mathemat.
830 2596 892 2636 IX,
925 2599 988 2630 20:
1025 2594 1246 2641 Ἀριστοτέλης
1281 2595 1319 2628 δὲ
1354 2595 1421 2630 ἀπὸ
1456 2597 1554 2633 δυοῖν

144 2645 259 2691 ἀρχῶν
283 2650 422 2683 ἔννοιαν
445 2650 534 2682 θεῶν
557 2650 649 2692 ἔλεγε
670 2653 846 2692 γεγονέναι
871 2649 908 2681 ἐν
930 2653 998 2685 τοῖς
1020 2648 1224 2693 ἀνθρώποις,
1247 2648 1316 2682 ἀπό
1337 2662 1369 2683 τε
1392 2653 1458 2684 τῶν
1481 2654 1557 2697 περὶ

1241 2709 1305 2747 5*
