1837 3017
734 181 993 221 -51—

160 286 298 327 stituta
324 292 414 327 sunt
438 288 670 342 praemissa,
704 287 927 327 necessario
956 300 1003 326 ea
1029 287 1207 341 sequitur
1233 285 1451 332 conclusio,
1480 300 1568 325 cum

160 354 410 407 syllogismus
439 355 490 395 sit
517 353 636 409 λόγος
662 354 704 397 ἐν
730 348 764 408 ᾦ
788 353 992 396 τεθέντων
1017 357 1137 395 τινῶν
1164 351 1302 408 ἕτερόν
1320 370 1359 394 τι
1380 355 1461 394 τῶν
1488 369 1569 394 κει-

159 419 293 471 μένων
320 420 365 471 ἐξ
390 419 562 477 ἀνάγκης
588 420 803 474 συμβαίνει
827 424 886 476 τῷ
916 424 1046 464 ταῦτα
1079 418 1197 463 εἶναι.
1254 423 1397 475 Itaque
1431 435 1570 475 propo-

161 487 321 529 sitiones
350 504 490 532 causae
517 491 723 532 efficientis
750 490 873 530 instar
899 496 1008 540 sunt,
1046 505 1154 540 cum,
1190 491 1257 530 ubi
1283 490 1436 543 positae
1465 495 1570 538 sunt,

161 556 381 596 necessario
409 558 520 611 quasi
546 564 756 611 procreent
781 558 1084 598 conclusionem.
1129 557 1244 605 Quod
1271 557 1373 596 idem
1404 561 1572 610 apparet

161 623 202 664 in
238 624 335 664 artis
362 625 644 666 effectionibus.
698 626 844 676 Veluti,
877 631 921 665 ut
957 625 1195 665 retineamus
1230 625 1455 677 exemplum
1490 637 1570 677 quo

162 691 240 731 iam
267 692 423 746 saepius
450 694 509 733 usi
536 707 687 744 sumus,
721 692 754 732 si
790 692 964 732 medicus
991 692 1158 732 hominis
1185 692 1336 744 aegroti
1362 691 1570 731 restituere

163 758 249 799 vult
274 747 502 811 sanitatem,
536 759 712 802 sanitatis
746 759 852 800 notio
891 765 950 799 est
976 759 1145 814 primum
1174 765 1292 813 atque
1320 758 1568 813 principium.

164 826 245 867 Sed
271 829 416 868 sanitas
442 829 579 868 nititur
605 829 708 867 iusta
735 828 908 880 corporis
936 828 1128 880 temperie
1155 834 1275 879 atque
1302 828 1400 865 haec
1429 826 1569 875 calore,

163 894 229 948 qui
265 894 493 935 efficiendus
526 900 586 935 est
620 894 810 935 frictione.
866 895 1006 948 Itaque
1044 894 1171 934 frictio
1198 908 1249 934 ex
1276 893 1483 948 hypothesi
1513 899 1571 933 est

161 962 394 1002 necessaria.
445 962 527 1003 Ubi
555 968 686 1002 autem
714 977 854 1016 corpus
874 963 1049 1011 fricatur,
1076 962 1298 1001 necessario
1320 962 1572 1014 consequitur

163 1028 270 1069 calor
297 1035 415 1082 atque
441 1029 544 1069 hunc
569 1028 673 1069 iusta
700 1029 874 1082 corporis
899 1028 1109 1082 temperies
1137 1035 1176 1068 et
1203 1029 1305 1067 hanc
1336 1028 1441 1068 bona
1468 1028 1572 1067 vale-

163 1095 269 1135 tudo.
323 1096 511 1136 Videmus
546 1097 667 1149 igitur
696 1098 815 1136 finem
841 1096 1085 1149 propositum
1114 1096 1313 1148 requirere
1339 1096 1433 1145 alia,
1470 1109 1571 1148 quae

163 1176 214 1203 ex
240 1162 447 1217 hypothesi
473 1163 550 1204 sint
566 1164 801 1214 necessaria,
829 1164 926 1204 haec
945 1169 1075 1204 autem
1095 1162 1162 1202 ubi
1180 1162 1320 1213 adsint,
1348 1162 1571 1202 necessario

161 1230 279 1270 finem
307 1231 506 1283 consequi.
562 1231 673 1279 Quae
701 1231 839 1271 eadem
870 1245 1031 1284 prorsus
1057 1231 1156 1269 ratio
1185 1231 1359 1269 cernitur
1385 1231 1426 1268 in
1453 1230 1570 1269 rebus

162 1297 406 1339 naturalibus
422 1298 465 1349 ι).
502 1297 581 1338 Hic
610 1311 766 1352 quoque
794 1297 881 1338 finis
910 1303 970 1339 est
997 1297 1187 1352 primum3
1216 1297 1283 1337 ubi
1312 1303 1442 1338 autem
1471 1311 1572 1351 quae

165 1371 328 1419 propter
355 1379 445 1404 eum
469 1367 692 1405 necessaria
722 1372 829 1416 sunt,
858 1366 1127 1418 suppeditant,
1161 1365 1249 1403 finis
1283 1365 1367 1417 ipse
1394 1365 1574 1413 efficitur,

165 1447 253 1473 cum
281 1446 352 1487 per
378 1445 512 1472 eorum
540 1439 721 1474 naturam
749 1433 864 1473 aliter
889 1432 975 1472 fieri
1002 1437 1186 1485 nequeat.
1228 1431 1361 1484 Atque
1386 1431 1461 1471 hac
1479 1445 1576 1471 sem-

166 1579 224 1610 καὶ
245 1577 339 1620 αὕτη,
363 1578 402 1611 οὕ
426 1580 481 1621 τῆς
504 1577 654 1622 πράξεως
676 1579 761 1612 ἀλλὰ
784 1581 843 1613 τοῦ
866 1581 1043 1623 λογισμοῦ·
1067 1580 1138 1613 ἐκεῖ
1159 1580 1197 1612 δὲ
1213 1580 1272 1612 τοῦ
1287 1580 1464 1622 λογισμοῦ·
1487 1576 1577 1621 πρά-

166 1634 231 1668 ξεις
250 1632 317 1673 γὰρ
341 1631 402 1664 οὐκ
424 1635 519 1666 εἰσίν.
544 1631 627 1665 ὥστ’
653 1635 683 1664 εἰ
704 1633 798 1664 ἔσται
821 1635 931 1672 olata,
959 1631 1091 1674 ἀνάγκη
1119 1634 1223 1664 ταῦτα
1246 1635 1407 1673 γενέσθαι
1427 1629 1446 1671 ἢ
1470 1630 1578 1673 ὑπάρ-

162 1695 238 1727 χειν
258 1682 278 1725 ἢ
301 1684 401 1724 εἶναι,
424 1683 444 1726 ἣ
468 1684 551 1721 ὅλως
573 1685 632 1727 τὴν
655 1683 737 1726 ὕλην
758 1685 818 1726 τὴν
848 1683 944 1719 ἕνεκά
966 1697 1043 1727 του,
1073 1680 1146 1717 οἷον
1173 1686 1337 1720 πλίνθους
1365 1686 1422 1716 καὶ
1450 1685 1578 1725 λίθους,

166 1740 197 1771 εἰ
218 1740 325 1771 οἰκία·
357 1737 396 1770 οὐ
419 1741 536 1782 μέντοι
565 1739 622 1771 διὰ
649 1739 752 1772 ταῦτά
781 1740 850 1772 ἐστι
876 1737 912 1771 τὸ
941 1741 1036 1774 τέλος
1061 1736 1134 1770 ἀλλ’
1161 1736 1180 1778 ἢ
1203 1738 1246 1773 ὠς
1268 1736 1359 1778 ὓλην.
1384 1736 1462 1769 οὐδ’
1484 1738 1577 1770 ἔσται

168 1790 224 1824 διὰ
246 1792 359 1824 ταῦτα.
389 1789 475 1828 ὅλως
500 1794 617 1835 μέντοι
644 1791 692 1834 μὴ
722 1789 829 1825 ὄντων
854 1791 916 1824 οὐκ
939 1792 1033 1824 ἔσται
1056 1790 1130 1824 οὐδ’
1156 1790 1175 1832 ἡ
1199 1793 1289 1823 οἰκία
1313 1790 1388 1823 οὐδ’
1414 1789 1431 1823 ὁ
1456 1794 1577 1833 πρίων,

165 1844 185 1887 ἡ
207 1843 272 1890 μὲν
294 1847 325 1879 εἰ
343 1844 391 1889 μὴ
413 1846 448 1878 οἱ
470 1847 577 1886 λίθοι,
607 1843 624 1878 ὁ
650 1844 688 1877 ‹5‘
713 1847 743 1878 εἰ
763 1844 810 1889 μὴ
833 1844 850 1878 ὁ
876 1846 1028 1889 σίδηρος·
1060 1844 1140 1877 οὐδὲ
1163 1844 1229 1888 γὰρ
1253 1845 1323 1878 ἐκεῖ
1343 1846 1378 1877 αἱ
1401 1844 1519 1888 ἀρχαί,
1548 1848 1578 1878 εἰ

165 1899 212 1943 μὴ
234 1898 271 1931 τὸ
294 1901 461 1941 τρίγωνον
483 1897 545 1931 δύο
568 1898 698 1942 ὀρθαῖς.
743 1901 887 1938 Quorum
916 1911 999 1940 quae
1026 1901 1177 1941 leguntur
1205 1901 1281 1930 inde
1309 1911 1328 1931 a
1350 1910 1380 1932 v.
1405 1903 1456 1930 21.
1481 1902 1577 1931 corri-

166 1954 273 1995 genda
293 1957 369 1986 sunt
389 1954 423 1985 in
446 1953 575 1986 modum
596 1954 697 1985 hunc:
728 1955 758 1986 εἰ
781 1953 820 1985 δὲ
841 1951 899 1996 μή,
929 1951 1042 1995 ὥσπερ
1075 1952 1146 1985 ἐκεῖ
1170 1952 1216 1996 μὴ
1248 1949 1344 1989 ὄντος
1366 1954 1425 1985 τοῦ
1448 1962 1578 1996 συμπε-

167 2004 475 2050 ράσματοςῆἆρχὴ
492 2004 554 2038 οὐκ
570 2007 674 2046 ἔσται,
698 2009 756 2046 καὶ
771 2007 919 2039 ἐνταῦθα
942 2007 1015 2038 τοῦ
1036 2007 1178 2041 τέλους
1201 2007 1365 2038 καὶτοῦ
1390 1999 1436 2037 οὗ
1459 2007 1577 2039 ἕνεκα

168 2061 238 2093 scil.
260 2058 308 2104 μὴ
331 2056 427 2095 ὄντος
442 2057 461 2100 ἡ
476 2058 564 2101 α’ρχὴ
588 2057 652 2092 οὐκ
675 2060 777 2093 ἔσται.
820 2062 901 2093 Nam
924 2061 1000 2091 finis
1022 2061 1228 2091 effectionum
1252 2062 1423 2101 respondet
1445 2062 1578 2103 syllogi-

174 2124 315 2146 smorum
337 2114 549 2145 conclusioni.

261 2167 282 2207 ¹)
301 2167 400 2208 Phys.
424 2167 466 2206 11,
491 2170 519 2198 7.
546 2165 641 2198 1981)
657 2169 692 2197 4:
716 2163 799 2198 ὥστε
826 2165 900 2198 ἐπεὶ
922 2164 940 2206 ἦ
964 2162 1067 2208 φύσις
1090 2164 1188 2199 ἕνεκά
1210 2177 1287 2207 του,
1311 2168 1368 2199 καὶ
1390 2165 1510 2208 ταύτην
1534 2169 1579 2200 εἰ·

169 2220 266 2253 δέναι
289 2220 351 2260 δεῖ,
372 2221 430 2251 καὶ
452 2217 586 2254 πάντως
606 2216 796 2251 ἀποδοτέον
818 2218 855 2251 τὸ
880 2218 936 2250 διὰ
959 2222 1001 2259 τί,
1026 2216 1100 2253 οἷον
1124 2219 1173 2252 ὅτι
1196 2220 1233 2251 ἐκ
1256 2221 1354 2252 τοῦδε
1375 2220 1506 2262 ἀνάγκη
1528 2221 1580 2253 τό·

172 2273 221 2305 δέ·
244 2272 282 2305 τὸ
306 2272 345 2304 δὲ
368 2271 405 2304 ἐκ
427 2270 526 2304 τοῦδε
550 2273 714 2312 (Fortasse
742 2273 944 2304 scribendum
973 2278 1040 2305 est:
1070 2271 1107 2305 τὸ
1139 2272 1177 2304 δὲ
1198 2270 1275 2305 τόδε
1298 2273 1335 2305 ἐκ
1362 2275 1476 2315 τοῦδε,
1507 2286 1579 2307 cum

169 2326 353 2359 antecedat:
383 2321 456 2358 οἷον
482 2323 534 2357 ὅτι
564 2325 609 2357 ἐκ
630 2325 754 2358 τοῦδε
777 2324 907 2368 ἀνάγκη
929 2324 1003 2358 τόδ
1008 2338 1033 2359 ε.
1077 2329 1182 2359 Causa
1204 2332 1310 2358 autem
1333 2330 1423 2360 vocis
1445 2335 1579 2370 praeter-

169 2381 287 2412 missae
308 2380 414 2411 facilis
438 2383 487 2410 est
508 2379 548 2410 ad
571 2380 758 2418 videndum)
781 2376 800 2419 ἢ
823 2378 938 2414 ἁπλῶς
960 2376 981 2419 ἢ
1005 2377 1049 2416 ὥς
1072 2380 1128 2412 ἐπὶ
1151 2379 1187 2411 τὸ
1212 2378 1310 2411 πολύ.
1340 2383 1397 2412 καὶ
1418 2383 1447 2413 εἰ
1467 2383 1577 2424 μέλλει

169 2433 244 2466 τοδὶ
266 2433 421 2471 ἔσεσθαι,
451 2429 564 2474 ὥσπερ
596 2432 633 2464 ἐκ
661 2434 728 2466 τῶν
756 2431 954 2474 προτάσεων
983 2432 1019 2465 τὸ
1045 2435 1283 2476 συμπέρασμα.
1330 2436 1418 2473 Quae
1440 2442 1581 2468 extrema

169 2487 406 2529 interpretanda
426 2491 504 2518 sunt
526 2488 561 2517 in
584 2487 672 2519 hunc
694 2488 839 2519 modum:
868 2491 967 2527 atque
990 2490 1020 2519 si
1042 2489 1104 2520 hoc
1124 2490 1266 2520 futurum
1290 2494 1348 2527 est,
1372 2494 1439 2520 tum
1463 2501 1512 2520 res
1535 2492 1582 2521 ita

170 2550 204 2572 se
226 2540 340 2579 habet,
373 2540 638 2580 quemadmodum
661 2550 678 2572 e
701 2540 975 2582 propositionibus
999 2543 1129 2574 exsistit
1152 2543 1336 2581 conclusi0‚
1368 2543 1398 2576 h.
1416 2553 1444 2574 e.
1467 2544 1496 2574 si
1519 2543 1582 2576 hoe

170 2594 313 2626 futurum
336 2597 395 2633 est,
418 2594 494 2626 aliis
516 2598 565 2626 est
588 2605 679 2635 opus,
703 2605 785 2636 quae
807 2595 869 2626 hoc
892 2601 1120 2636 consequatur,
1142 2597 1407 2636 quemadmodum
1432 2598 1465 2628 in
1482 2599 1582 2638 syllo-

169 2648 275 2687 gismo
299 2650 473 2690 praemissa
495 2650 641 2690 sequitur
663 2650 840 2681 conclusio.

1287 2709 1339 2747 4*
