1837 3017
1340 136 1359 158 ἱ

823 181 1076 222 „30-

239 299 454 338 summum,
491 287 703 340 superioris
735 288 781 328 fit
821 287 1126 331 instrumentum
1168 289 1288 344 eique
1326 291 1553 346 suppeditat
1588 303 1652 332 ex-

238 354 402 395 sistendi
431 354 611 409 copiam.-
648 355 813 397 Minime
841 370 935 396 vero
963 355 1111 411 gradus
1138 358 1319 411 superior
1344 365 1575 414 procreatur
1601 358 1651 399 ab

238 423 436 472 inferiore,
465 422 533 461 sed
560 436 706 462 novum
724 424 820 477 quid
846 437 1001 477 semper
1027 424 1067 464 in
1096 425 1298 478 superiore
1326 427 1441 476 inest,
1469 427 1574 480 quod
1602 439 1652 466 ex

237 490 304 531 illo
333 489 476 530 ducere
503 504 551 530 ac
578 496 760 544 repetere
786 504 865 531 non
891 490 996 541 licet,
1026 497 1145 546 atque
1171 498 1326 534 tantum
1352 493 1465 537 abest
1482 499 1526 534 ut
1543 506 1653 548 prae-

240 557 404 598 stantior
439 557 586 610 gradus
615 559 762 598 oriatur
788 571 859 612 per
885 558 1128 609 inferiorem,
1163 565 1207 600 ut
1232 560 1297 600 hic
1323 574 1403 601 non
1431 560 1483 600 sit
1507 559 1582 600 nisi
1603 566 1653 600 -ut

238 624 503 678 praestantior
528 626 653 679 possit
680 625 905 665 consistere.

343 691 525 732 Vidimus
565 692 685 746 igitur
727 693 768 733 in
813 692 1024 734 individuis
1065 695 1291 736 inferiorem
1332 701 1485 749 partem
1527 695 1651 735 subici

237 761 443 816 superiori.
490 760 642 801 Eadem
669 766 801 801 autem
828 761 928 802 ratio
956 763 1076 804 etiam
1104 763 1145 804 in
1172 777 1305 805 rerum
1332 763 1568 804 naturalium
1594 777 1652 803 or-

239 830 395 870 dinibus
430 829 616 868 cernitur.
670 829 778 869 Nam
811 844 882 869 sua
915 830 1074 883 quidem
1115 846 1235 872 causa
1269 832 1446 872 oriuntur
1478 832 1649 884 plantae,

241 903 375 937 tamen
403 896 473 945 ita,
513 901 556 936 ut
588 895 703 936 simul
731 896 956 938 animalium
986 911 1107 939 causa
1134 899 1212 940 sint
1246 899 1372 953 iisque
1400 897 1652 952 suppeditent

238 965 393 1017 pabula.
447 963 602 1002 Pariter
635 963 785 1003 bestiae
813 966 994 1017 quamvis
1022 967 1101 1006 suis
1135 972 1296 1007 utantur
1321 967 1485 1016 finibus,
1519 972 1651 1005 tamen

237 1031 352 1072 simul
379 1029 580 1071 hominum
600 1044 719 1071 causa
737 1037 841 1082 sunt,
870 1031 1022 1073 cicures
1041 1032 1199 1087 quidem
1224 1039 1385 1087 propter
1402 1047 1515 1074 usum
1535 1038 1651 1086 atque

237 1099 521 1139 nutrimentum
548 1098 654 1151 quod
681 1099 773 1138 inde
801 1100 966 1153 capitur,
1000 1101 1108 1140 ferae
1136 1106 1282 1150 autem,
1309 1101 1383 1140 etsi
1409 1114 1489 1140 non
1515 1113 1650 1139 omnes

236 1173 368 1207 tamen
395 1165 600 1220 plurimae,
628 1166 857 1207 nutrimenti
884 1173 1004 1222 atque
1033 1167 1132 1208 alius
1159 1167 1334 1208 utilitatis
1362 1167 1502 1222 gratia,
1530 1166 1650 1207 veluti

236 1240 280 1274 ut
307 1234 472 1273 vestitus
500 1239 540 1273 et
566 1234 827 1274 instrumenta
855 1248 906 1275 ex
935 1249 1070 1275 earum
1097 1236 1273 1289 partibus
1301 1235 1398 1274 fiant
1410 1236 1455 1286 ¹).

341 1300 458 1350 Quod
485 1301 590 1342 idem
619 1302 736 1342 etiam
763 1302 804 1343 in
832 1303 1031 1344 hominum
1059 1303 1141 1343 vita
1168 1317 1406 1357 cognoscere
1434 1302 1545 1352 licet,
1582 1301 1650 1342 ubi

236 1369 336 1409 aliae
364 1375 468 1409 artes
497 1375 537 1409 et
563 1369 720 1423 opificia
747 1370 832 1410 aliis
860 1377 951 1410 sunt
977 1371 1164 1412 subiecta.
1212 1370 1345 1410 Veluti
1373 1369 1449 1410 arti
1478 1368 1650 1423 equestri

235 1436 412 1476 subiecta
439 1441 500 1475 est
526 1450 574 1476 ea
603 1451 704 1490 quae
732 1437 773 1476 in
800 1437 922 1477 frenis
950 1437 1200 1478 conficiendis
1229 1442 1423 1490 occupata
1451 1442 1523 1487 est,
1551 1441 1651 1475 cete-

236 1517 386 1557 raeque
422 1517 559 1543 omnes
596 1517 697 1557 quae
734 1505 994 1545 instrumenta
1021 1505 1219 1558 equestria
1245 1510 1489 1558 comparant,
1531 1509 1649 1556 atque

236 1571 335 1611 haec
362 1571 449 1624 ipsa
476 1570 669 1624 equestris
698 1571 904 1625 omnisque
928 1572 1030 1612 actio
1056 1571 1232 1612 militaris
1260 1572 1336 1611 arti
1361 1570 1649 1624 imperatoriae,

234 1638 411 1691 itemque
440 1638 539 1677 aliae
567 1637 651 1677 aliis
680 1644 773 1678 sunt
798 1639 1000 1678 subiectae
1012 1638 1056 1690 ’).
1112 1639 1254 1692 Neque
1289 1639 1464 1679 homines
1489 1637 1648 1690 singuli,

233 1706 265 1744 si
292 1705 410 1744 finem
438 1719 551 1745 suum
580 1706 716 1744 volunt
747 1706 921 1759 assequi,
949 1720 1022 1759 per
1048 1718 1091 1745 se
1118 1712 1282 1759 possunt
1309 1706 1542 1754 consistere,
1576 1703 1647 1743 sed

231 1771 426 1812 ineundae
455 1777 546 1812 sunt
573 1772 621 1811 iis
650 1773 872 1813 societates.

339 1841 401 1880 Ac
433 1840 602 1894 primum
639 1840 801 1893 quidem
833 1846 925 1879 sunt
957 1839 1026 1893 qui
1064 1854 1143 1879 non
1182 1839 1354 1880 habeant
1389 1839 1463 1880 nisi
1495 1844 1647 1879 tantum

234 1908 484 1961 prudentiae,
512 1913 557 1946 ut
584 1907 790 1961 percipere
815 1907 967 1960 possint
994 1913 1112 1961 atque
1139 1907 1315 1957 efficere,
1355 1899 1418 1948 ab*
1433 1907 1518 1949 aliis
1547 1920 1647 1961 quae

234 1975 495 2028 imperantur3
531 1987 696 2027 corpora
732 1980 863 2013 autem
899 1987 1035 2014 eorum
1071 1974 1187 2014 firma
1212 1988 1236 2013 a
1261 1980 1401 2014 natura
1426 1976 1531 2015 saeta
1557 1980 1649 2014 sunt

234 2056 281 2081 ac
317 2041 495 2091 robusta,
535 2047 578 2080 ut
607 2040 868 2094 exsequendis
895 2041 942 2080 iis
979 2055 1080 2094 quae
1107 2041 1342 2082 mandantur
1374 2042 1456 2082 sint
1489 2042 1644 2082 idonea.

232 2108 281 2150 Id
317 2108 475 2162 generis
509 2114 640 2148 autem
672 2108 851 2148 homines
884 2122 958 2163 par
989 2116 1051 2150 est
1092 2109 1240 2149 servire
1272 2109 1375 2161 aliis,
1414 2109 1483 2164 qui
1515 2114 1646 2150 mente

324 2278 346 2318 ¹)
368 2277 465 2309 Polit.
495 2278 528 2316 1,
564 2279 594 2309 8.
627 2278 708 2309 1256
730 2276 751 2308 b
777 2280 831 2309 15:
865 2275 949 2312 ὥστε
982 2276 1108 2321 ὁμοίως
1142 2279 1247 2320 δῆλον
1280 2277 1332 2312 ὅτι
1363 2280 1420 2312 καὶ
1451 2280 1647 2324 γενομένοις

233 2331 365 2371 οῗηιέον
387 2328 427 2362 τά
450 2341 484 2362 τε
508 2329 599 2372 φυτὰ
621 2330 689 2362 τῶν
712 2327 804 2371 ζῴων
826 2330 938 2364 ἕνεκεν
959 2331 1046 2364 εἶναι
1069 2333 1127 2363 2022
1148 2329 1253 2364 τᾶλλα
1276 2333 1342 2374 ζῷα
1364 2334 1431 2366 τῶν
1445 2328 1646 2376 ἀνθρώπων

227 2383 343 2429 χάριν,
364 2384 404 2418 τὰ
426 2384 492 2429 μὲν
513 2382 623 2428 ἥμερα
639 2384 697 2416 καὶ
713 2383 770 2416 διὰ
784 2383 843 2427 τὴν
853 2386 976 2429 χρῆσιν
992 2387 1051 2419 καὶ
1065 2384 1122 2418 διὰ
1137 2384 1197 2428 τὴν
1210 2385 1352 2431 τροφήν,
1375 2388 1441 2421 τῶν
1455 2384 1489 2420 δ’
1505 2384 1645 2430 ἀγρίων,

231 2442 262 2472 εἰ
282 2439 330 2483 μὴ
353 2437 481 2479 πάντα,
510 2438 596 2470 ἀλλὰ
625 2437 665 2471 τά
689 2449 729 2480 γε
751 2440 889 2472 πλεῖστα
911 2441 966 2480 τῆς
992 2441 1121 2483 τροφῆς
1141 2442 1200 2472 καὶ
1222 2438 1323 2481 ἄλλης
1343 2443 1501 2483 βοηθείας
1521 2440 1646 2478 ἕνεκεν,

230 2494 287 2527 ἵνα
311 2494 369 2526 καὶ
392 2491 494 2534 ἐσθὴς
515 2494 573 2526 καὶ
595 2489 682 2526 ἄλλα
705 2488 835 2536 ὄργανα
856 2496 988 2537 γίνηται
1010 2492 1047 2531 ἐξ
1069 2493 1191 2529 αὐτῶν.
1222 2495 1251 2528 εἰ
1280 2490 1343 2529 οὖν
1369 2493 1390 2537 ἡ
1412 2493 1515 2540 φύσις
1533 2490 1645 2537 μηθὲν

231 2546 312 2590 μήτε
335 2547 446 2583 ἀτελὲς
461 2550 554 2579 ποιεῖ
564 2545 647 2591 μήτε
661 2545 783 2590 μάτην,
806 2546 994 2591 ἀναγκαῖον
1008 2549 1075 2582 τῶν
1090 2546 1285 2592 ἀνθρώπων
1299 2549 1412 2583 ἕνεκεν
1433 2547 1518 2581 αὐτὰ
1534 2543 1644 2579 πάντα

233 2602 453 2641 πεποιηκέναι
475 2600 534 2640 τὴν
556 2600 674 2642 φύσιν.

322 2655 345 2693 ²)
368 2655 441 2686 Eth.
465 2655 534 2687 Nic.
557 2656 583 2692 1,
611 2658 637 2686 1.
667 2657 748 2686 1094
764 2665 784 2685 a
800 2658 912 2695 lOsqq.
