1837 3017
320 268 454 322 Atque
482 268 548 309 ubi
576 268 699 322 partis
726 275 868 309 natura
895 273 955 308 est
982 281 1041 317 ea,
1070 273 1114 308 ut
1139 283 1210 321 per
1237 283 1280 310 se
1298 269 1476 310 turbaret
1501 273 1628 309 totum
1693 275 1695 277 '

215 350 377 390 corpus,
415 336 456 375 id
484 342 527 375 ut
554 342 816 386 removeatur,
851 350 943 389 pars
976 334 1110 375 addita
1144 342 1205 376 est
1232 336 1430 390 qualitatis
1457 335 1513 376 illi
1542 349 1628 375 con·

214 404 379 453 trariae,
426 418 505 456 qua
545 403 648 442 iusta
688 403 861 456 corporis
905 402 1115 456 temperies
1150 409 1190 442 et
1224 404 1483 457 aequabilitas
1522 403 1628 443 resti-

215 476 346 509 tuatur
360 469 402 522 ¹).
458 468 526 509 Sic
554 475 718 520 natura,
754 476 798 509 ut
831 469 1005 523 corporis
1032 468 1291 522 aequabilitas
1319 475 1630 519 conservaretur,

215 538 322 578 cordi
352 536 527 578 calidiori
555 537 734 590 frigidius
763 537 947 591 opposuit
977 536 1182 577 cerebrum
1193 536 1236 589 ¹).
1278 536 1420 591 Itaque
1449 536 1629 591 quamvis

214 618 276 644 res
304 610 386 644 tota
415 618 436 642 e
464 606 642 657 partibus
672 611 844 653 constet,
878 611 1009 645 tamen
1038 610 1170 658 partes
1199 617 1412 658 earumque
1439 611 1581 645 natura
1608 618 1629 644 e

212 672 330 712 totius
366 673 527 713 notione
567 686 782 726 suspensae
820 678 922 712 sunt.
979 674 1124 713 Totum
1153 671 1310 725 quidem
1338 672 1424 713 sine
1450 672 1628 725 partibus

216 751 302 778 esse
330 753 410 778 non
438 747 580 793 potest,
609 754 727 793 quam
747 739 795 778 ob
817 753 975 778 causam
1001 746 1134 792 partes
1153 739 1342 788 oriuntur,
1371 753 1507 778 verum
1528 752 1630 792 quae

213 813 347 859 partes
376 806 653 846 adsciscendae
681 807 776 855 sint,
807 805 944 858 quales
972 806 1050 845 sint
1076 805 1338 845 instituendae
1366 805 1406 845 in
1434 819 1630 858 quemque

215 872 482 926 disponendae
510 873 700 924 ordinem,
729 872 930 913 constituit
956 873 1064 912 notio
1092 872 1223 923 totius,
1250 872 1305 912 ita
1325 878 1367 912 ut
1394 878 1516 912 totum
1544 885 1631 925 par-

216 939 319 980 tibus
348 939 398 979 sit
425 940 533 994 prius
548 940 590 994 ³).

320 1007 400 1048 Sed
447 1008 524 1048 alia
572 1015 778 1063 praeterea
824 1008 1001 1062 partibus
1047 1007 1146 1047 ratio
1187 1009 1289 1048 inter
1329 1022 1371 1048 se
1411 1007 1630 1048 intercedat

215 1081 392 1128 oportet,
432 1082 477 1115 ut
517 1077 689 1116 omnium
729 1077 833 1116 inter
873 1091 916 1116 se
950 1075 1223 1115 convenientia
1262 1082 1380 1129 atque
1414 1075 1632 1116 concordia

215 1143 335 1197 plena
367 1141 417 1182 sit
450 1156 498 1182 ac
533 1143 720 1197 perfecta.
774 1144 949 1185 Necesse
985 1143 1087 1183 enim
1116 1150 1196 1194 est,
1233 1149 1276 1184 ut
1303 1157 1373 1184 eae
1401 1156 1503 1197 quae
1531 1142 1631 1183 infe-

214 1210 327 1249 rioris
355 1216 446 1249 sunt
475 1211 635 1261 ordinis,
671 1212 744 1251 etsi
772 1226 883 1251 suam
910 1212 1058 1251 habent
1084 1217 1263 1250 naturam
1291 1212 1482 1264 suumque
1510 1211 1629 1249 finem

213 1282 443 1331 sequuntur,
471 1278 645 1319 serviant
672 1278 1021 1333 praestantioribus
1049 1276 1355 1332 potioribusque.
1392 1278 1481 1328 Quo
1509 1277 1565 1328 fit,
1587 1284 1629 1318 ut

215 1346 340 1383 altera
368 1359 460 1397 pars
489 1347 601 1385 alteri
630 1347 680 1385 sit
705 1346 953 1385 instrumenti
981 1346 1116 1384 instar.
1160 1343 1228 1384 Sic
1255 1346 1477 1385 animalium
1504 1351 1630 1385 totum

215 1427 357 1466 corpus
384 1413 690 1454 instrumentum
719 1420 780 1454 est
807 1413 960 1454 animae
972 1412 1017 1464 ⁴).
1059 1411 1182 1453 Cuius
1207 1414 1425 1453 sententiae
1443 1413 1552 1454 locus
1572 1418 1631 1453 est

214 1480 397 1532 egregius
433 1480 482 1518 de
516 1486 616 1532 part.
654 1494 719 1520 an.
757 1481 829 1530 IV,
861 1481 919 1519 10.
955 1480 1030 1519 687
1051 1480 1257 1529 a7-23,
1296 1480 1361 1518 ubi
1398 1480 1630 1520 Aristoteles

215 1546 390 1600 disputat
425 1553 562 1586 contra
589 1547 890 1601 Anaxagoram,
926 1547 993 1601 qui
1028 1546 1223 1587 hominem
1259 1560 1345 1586 esse
1373 1548 1527 1588 dixerat
1554 1546 1631 1587 ani-

216 1614 378 1654 malium
406 1614 755 1668 sapientissimum,
794 1629 881 1654 cum
909 1614 1073 1654 haberet
1098 1628 1253 1663 manus,
1289 1614 1394 1667 quod
1422 1613 1631 1668 Stagirites

215 1681 408 1722 convertit
426 1681 493 1732 ita3
514 1691 557 1722 ut
575 1682 691 1722 homo
711 1682 855 1722 habeat
874 1697 1026 1731 manus,
1055 1696 1142 1721 cum
1161 1682 1304 1722 animal
1323 1683 1373 1722 sit
1394 1682 1632 1735 sapientissi-

307 1831 327 1870 ¹)
350 1831 389 1862 L.
412 1831 433 1863 1.
457 1830 500 1868 11,
525 1832 553 1860 7.
580 1831 641 1861 652
660 1839 679 1860 a
695 1832 750 1861 31:
774 1826 826 1861 ἀεὶ
847 1828 913 1871 γὰρ
936 1826 955 1869 ἡ
980 1827 1083 1872 φύσις
1103 1830 1296 1872 μηχανᾶται
1313 1827 1398 1872 πρὸς
1413 1827 1472 1869 τὴν
1488 1827 1631 1862 ἑκάστου

213 1882 405 1924 ὑπερβολὴν
427 1880 589 1923 βοήθειαν
612 1880 671 1921 τὴν
693 1882 754 1913 τοῦ
777 1881 931 1914 ἐναντίου
953 1882 1155 1925 messem,
1179 1884 1235 1916 ἵνα
1259 1880 1396 1925 ἅνισᾶζῃ
1413 1881 1470 1922 τὴν
1488 1884 1632 1924 θατέρου

216 1934 404 1978 ὑπερβολήν
426 1933 584 1976 θάτερον.

307 1990 332 2029 ¹)
355 1990 392 2020 L.
417 1990 439 2020 l.
462 1990 505 2028 11,
531 1992 559 2022 7.
585 1990 645 2020 652
662 1988 683 2019 b
703 1990 758 2019 16:
789 1987 861 2020 ἐπεὶ
891 1986 924 2019 δ”
952 1987 1086 2021 ἅπαντα
1117 1988 1223 2021 δεῖται
1250 1988 1305 2028 τῆς
1333 1988 1487 2023 ἐναντίας
1515 1988 1632 2033 ῥοπῆς,

215 2045 271 2076 ἵνα
295 2039 444 2085 τυγχάνῃ
469 2041 529 2073 τοῦ
555 2043 692 2084 μετρίου
723 2042 779 2073 καὶ
808 2042 867 2073 τοῦ
894 2043 1002 2084 μέσου
1027 2040 1099 2083 (τὴν
1126 2041 1192 2085 γὰρ
1222 2040 1342 2075 οὐσίαν
1365 2042 1432 2083 ἔχει
1454 2042 1552 2073 τοῦτο
1576 2042 1633 2073 καὶ

213 2097 272 2130 τὸν
295 2095 411 2138 λόγον,
434 2096 500 2127 τῶν
524 2093 546 2126 δ
553 2094 559 2104 ’
579 2090 691 2136 ἄκρων
715 2094 873 2139 ἑκάτερον
897 2094 958 2128 οὐκ
982 2095 1049 2137 ἔχει
1068 2097 1198 2138 χωρίς),
1222 2094 1279 2128 διὰ
1296 2093 1419 2135 ταύτην
1439 2094 1499 2136 τὴν
1522 2096 1632 2128 αἰτίαν

214 2149 299 2194 πρὸς
321 2149 380 2183 τὸν
404 2149 458 2189 τῆς
481 2147 624 2189 καρδίας
646 2146 751 2182 τόπον
774 2152 830 2182 καὶ
852 2149 911 2191 τὴν
935 2150 970 2183 ἐν
999 2147 1082 2194 αὐτῇ
1106 2147 1293 2194 θερμότητα
1320 2146 1552 2193 μεμηχάνηται
1573 2147 1633 2182 τὸν

214 2205 408 2247 ἐγκέφαλον
430 2200 582 2245 ἡφύσις,
606 2203 664 2233 καὶ
686 2200 804 2235 τούτου
823 2202 928 2247 χάριν
953 2201 1094 2248 ὑπάρχει
1117 2205 1214 2236 τοῦτο
1237 2203 1273 2236 τὸ
1295 2201 1417 2247 μόριον
1439 2206 1508 2239 τοῖς
1530 2204 1634 2245 ζῴοις,

215 2258 273 2299 τὴν
296 2256 404 2301 φύσιν
427 2257 507 2299 ἔχον
530 2254 648 2296 κοινὴν
670 2254 793 2293 ὕδατος
814 2259 871 2290 καὶ
893 2260 966 2300 γῆς

306 2312 329 2350 ·’)
352 2313 391 2343 L.
414 2312 437 2342 l.
460 2312 487 2350 1,
514 2314 540 2343 1.
567 2313 629 2342 640
645 2321 665 2342 a
681 2312 737 2342 3³:
768 2309 820 2343 διὸ
849 2311 995 2351 μάλιστα
1025 2311 1091 2355 μὲν
1119 2312 1253 2344 λεκτέον
1275 2309 1319 2347 ὥς
1342 2308 1457 2350 ἐπειδὴ
1478 2308 1568 2343 τοῦτ’
1593 2305 1634 2349 ἦν

214 2363 251 2397 τὸ
267 2361 444 2405 ’ἀνθρώπῳ
467 2363 564 2404 εἶναι,
589 2362 645 2394 διὰ
671 2363 767 2394 τοῦτο
791 2363 881 2397 ταῦτ’
907 2365 990 2406 ἔχει·
1015 2362 1053 2395 οὐ
1077 2362 1143 2405 γὰρ
1167 2363 1336 2406 ἐνδέχεται
1358 2363 1444 2397 εἶναι
1467 2359 1547 2396 ἄνευ
1568 2364 1634 2394 τῶν

214 2420 346 2461 μορίων
368 2415 507 2449 τούτων.
551 2417 648 2448 ΡοῙίι.
673 2418 700 2454 1,
725 2421 754 2449 2.
782 2421 860 2451 1253
878 2430 897 2450 a
914 2422 972 2451 20:
1001 2416 1036 2450 τὸ
1066 2416 1132 2459 γὰρ
1157 2415 1237 2450 ὅλον
1260 2416 1424 2460 πρότερον
1447 2415 1635 2458 ἀναγκαῖον

216 2471 302 2504 εἶναι
324 2471 384 2503 τοῦ
406 2472 543 2514 μέρους.

304 2528 330 2566 ⁴)
353 2527 401 2557 De
430 2531 510 2566 part.
542 2536 593 2558 an.
617 2526 642 2564 1,
673 2527 705 2557 5.
729 2528 789 2557 645
807 2526 827 2557 b
846 2531 900 2561 14:
933 2528 1007 2561 ἐπεὶ
1036 2526 1074 2559 δὲ
1101 2526 1137 2558 τὸ
1167 2524 1232 2568 μὲν
1260 2521 1408 2567 ὄργανον
1440 2525 1509 2557 πᾶν
1537 2521 1634 2556 ἕνεκά

217 2591 294 2620 που,
321 2578 357 2611 τὸ
382 2577 417 2610 δ’
444 2572 483 2610 οὗ
508 2579 606 2612 ἕνεκα
637 2579 758 2620 πρᾶξίς
785 2591 848 2620 τις,
877 2579 1030 2624 φανερὸν
1053 2577 1103 2612 ὅτι
1126 2580 1183 2613 καὶ
1205 2578 1240 2611 τὸ
1265 2576 1410 2614 σύνολον
1433 2580 1531 2623 σῶμα
1555 2585 1635 2611 συν·

217 2636 331 2675 ἕστηκε
356 2632 505 2677 πράξεώς
528 2645 617 2670 τινος
640 2634 738 2667 ἓνεκα
762 2631 916 2677 πλήρους,
