1837 3017
792 148 1026 196 -8-v

194 254 299 299 enim
326 253 367 295 id
394 253 501 309 quod
528 252 644 294 modo
672 252 869 294 obiectum
898 252 934 293 ei
953 267 976 293 a
1002 251 1195 294 nobisest
1213 252 1446 304 omittimus,
1481 258 1610 295 tamen

191 323 260 360 illo
291 328 525 373 argumento
553 320 650 360 nihil
679 320 956 373 comprobatur
982 322 1056 360 nisi
1083 321 1243 360 notione
1270 334 1428 360 causam
1455 321 1610 360 finalem

194 403 288 429 casu
319 402 405 428 esse
438 388 630 442 priorem,
667 402 711 428 re
748 394 878 428 autem
917 395 956 428 et
990 387 1156 429 veritate
1188 401 1267 428 non
1302 387 1417 440 item3
1453 387 1536 429 sive
1571 394 1613 429 ut

194 463 353 495 utamur
374 455 614 494 Aristotelea
633 452 789 494 dicendi
816 455 985 494 ratione:
1015 454 1294 508 comprobatur
1321 454 1434 493 nobis
1454 454 1611 507 quidem

137 513 140 517 ¹
196 537 358 563 causam
385 522 544 562 finalem
564 536 657 562 casu
686 536 774 562 esse
801 521 984 575 priorem,
1013 537 1056 562 re
1085 529 1124 562 et
1150 527 1292 561 natura
1317 521 1499 574 minus¹).
1635 516 1638 520 ”

301 590 415 629 Haec
444 596 535 630 sunt
563 596 797 644 argumenta
825 589 967 644 quibus
996 590 1248 644 philosophus
1272 603 1430 629 causam
1456 589 1611 630 finalem

196 658 237 697 in
265 671 397 697 rerum
427 664 572 698 natura
599 659 731 698 valere
760 657 1030 698 demonstrare
1064 657 1229 708 studuit;
1263 657 1405 711 quibus
1442 656 1614 697 conside-

197 725 292 765 ratis
320 731 360 765 et
388 725 619 766 examinatis
647 725 949 778 progrediamur
975 725 1053 765 iam
1082 726 1132 765 ad
1161 725 1504 779 contemplandam
1529 738 1614 764 cau-

196 806 265 831 sae
300 791 427 832 finalis
462 798 642 833 naturam
681 799 720 833 et
753 792 946 843 indolem,
982 792 1108 846 qualis
1143 793 1192 832 ab
1226 792 1441 833 Aristotele
1475 791 1614 831 consti-

197 866 283 899 tuta
311 860 373 899 sit.

303 927 579 982 Unaquaeque
606 942 670 967 res
697 928 747 967 de
780 927 1004 968 Aristotelis
1038 928 1195 983 quidem
1221 928 1415 969 sententia
1441 926 1616 982 gignitur

199 1009 222 1034 a
262 1002 423 1045 natura,
469 1002 512 1035 ut
554 1002 661 1035 certo
698 995 868 1049 quodam
910 1011 1028 1050 opere
1064 998 1336 1051 perfungatur.
1405 994 1474 1037 Sic
1513 993 1613 1035 oculi

200 1063 392 1113 oriuntur,
427 1070 471 1102 ut
497 1063 678 1113 videant,
706 1069 749 1103 ut
776 1063 882 1103 cibos
911 1062 1179 1104 comminuant
1206 1065 1363 1114 dentes,
1401 1078 1447 1104 ac
1474 1062 1615 1117 primo·

200 1147 263 1172 res
301 1130 458 1185 quidem
493 1137 536 1170 ut
571 1144 680 1170 escas
713 1130 929 1182 dissecent,
964 1140 1007 1173 ut
1041 1138 1245 1173 conterant
1271 1132 1453 1172 molares.
1506 1129 1616 1171 Nihil

199 1199 304 1239 enim
332 1204 475 1238 natura
503 1198 652 1237 frustra
681 1198 820 1248 efficit,
856 1200 928 1239 sed
961 1201 1170 1254 unicuique
1204 1201 1261 1241 rei
1289 1214 1406 1253 quam
1434 1204 1617 1253 procreat

199 1280 298 1319 opus
326 1264 485 1318 aliquod
515 1265 812 1318 exsequendum
841 1266 1007 1320 imponit
1040 1274 1158 1320 atque
1186 1268 1301 1307 huius
1337 1268 1468 1319 operis
1497 1279 1617 1305 causa

199 1332 328 1386 gignit
338 1332 384 1384 ²).
440 1332 583 1386 Itaque
612 1347 712 1386 opus
740 1333 799 1373 rei
826 1332 915 1373 finis
943 1340 1003 1374 est
1029 1340 1149 1388 atque
1165 1348 1231 1374 res
1258 1334 1345 1387 ipsa
1372 1333 1455 1373 eius
1477 1332 1618 1372 instru-

199 1407 373 1441 mentum
386 1400 427 1451 3).
483 1399 679 1448 Quocirca
714 1406 858 1441 natura
892 1401 1101 1455 unicuique
1133 1416 1213 1442 non
1247 1401 1402 1451 tribuit,
1433 1400 1509 1441 nisi
1537 1414 1616 1453 quo

199 1469 326 1523 possit
352 1468 409 1508 uti
420 1467 460 1517 ⁴).
516 1469 660 1522 Neque
689 1468 803 1507 aliter
831 1475 955 1522 agunt
974 1469 1163 1520 homines,
1193 1476 1299 1509 certe
1318 1467 1530 1522 prudentes
1550 1466 1617 1520 qui

200 1543 305 1576 sunt.
360 1536 463 1575 Nam
497 1536 647 1576 faciunt
680 1549 849 1584 serram,
884 1543 927 1576 ut
960 1536 1043 1576 eius
1078 1536 1224 1576 auxilio
1257 1536 1367 1590 ligna
1394 1534 1550 1588 aliaque
1576 1534 1616 1573 id

201 1604 358 1657 generis
387 1603 596 1653 dissecent,
625 1603 834 1644 aedificant
863 1604 1011 1655 domus,
1048 1611 1090 1644 ut
1118 1619 1141 1644 a
1164 1610 1442 1658 tempestatum
1468 1602 1636 1642 iniuriis·

173 1711 175 1713 ,
201 1685 244 1712 se
272 1669 498 1710 defendant·

305 1738 483 1792 Operum
512 1745 641 1778 autem
671 1739 747 1779 duo
777 1746 868 1779 sunt
894 1753 1054 1792 genera.
1109 1740 1285 1780 Primum
1321 1738 1424 1779 enim
1452 1750 1549 1790 opus
1578 1737 1616 1776 in

200 1806 286 1861 ipsa
313 1806 468 1846 actione
495 1806 623 1846 inesse
652 1813 799 1860 potest,
827 1807 1041 1847 cuiusmodi
1070 1821 1192 1861 opera
1218 1820 1288 1846 nos
1316 1804 1472 1859 quidem
1502 1804 1618 1844 actio-

201 1875 318 1914 nibus
359 1875 614 1915 immanentia
661 1887 801 1913 vocare
842 1875 1027 1923 solemus,
1069 1874 1302 1914 Aristoteles
1343 1868 1618 1925 ἐνυπάρχοντα

203 1941 353 1994 dicit⁶),
408 1942 456 1980 In
492 1956 568 1995 quo
604 1955 766 1981 numero
804 1947 894 1980 sunt
922 1940 1073 1989 videre,
1109 1941 1300 1995 cogitare,
1334 1940 1487 1990 vivere,
1515 1954 1617 1993 quae

202 2009 333 2049 omnia
373 2008 422 2046 ab
465 2008 684 2048 actionibus
727 2007 901 2061 separari
944 2016 1162 2062 nequeunt,
1208 2009 1327 2048 immo
1369 2009 1618 2050 continentur

201 2075 422 2116 actionibus
473 2075 579 2128 ipsis.
660 2074 855 2123 Quocirca
902 2089 1139 2129 unoquoque
1187 2075 1373 2129 temporis
1421 2083 1617 2117 momento

292 2193 314 2233 ¹)
338 2192 550 2224 Trendelenb.
573 2192 655 2234 Log.
681 2193 805 2225 Untcrs.
827 2192 870 2232 11,
893 2203 924 2235 p.
940 2195 990 2225 65.

294 2249 315 2287 ²)
338 2248 434 2280 Polit.
458 2248 484 2285 1,
510 2250 527 2277 2
566 2249 648 2278 1253
665 2257 684 2277 a
700 2248 735 2277 9:
766 2243 870 2279 οὐθὲν
893 2246 972 2289 γάρ,
1002 2245 1044 2283 ὠς
1068 2249 1196 2290 φαμέν,
1218 2244 1328 2290 μάτην
1350 2244 1370 2287 ἡ
1395 2244 1497 2288 φύσις
1516 2251 1616 2281 ποιεῖ.

201 2303 250 2334 De
272 2305 352 2343 part.
377 2311 427 2334 an.
451 2300 507 2338 IV,
534 2302 584 2330 12.
610 2302 672 2330 (394
688 2309 708 2331 a
725 2301 773 2332 14.

289 2355 313 2393 ³)
336 2356 385 2385 De
414 2360 495 2394 part.
526 2365 576 2385 an.
601 2354 628 2391 1,
652 2355 683 2383 5.
714 2354 774 2383 645
791 2353 811 2383 b
833 2358 888 2384 14:
918 2353 990 2386 ἐπεὶ
1019 2353 1057 2385 δὲ
1086 2350 1121 2385 τὸ
1148 2353 1213 2394 μὲν
1244 2350 1394 2395 ὄργανον
1423 2354 1493 2385 πᾶν
1520 2352 1617 2386 ἕνεκά

199 2419 267 2446 του,
291 2407 357 2439 τῶν
382 2406 418 2437 δὲ
446 2407 501 2437 ιοῦ
526 2404 681 2448 σώματος
702 2407 834 2446 μορίων
850 2406 993 2438 ἕκαστον
1009 2403 1108 2438 ἕνεκά
1132 2418 1202 2444 που,
1225 2406 1261 2438 τὸ
1287 2406 1324 2438 δὲ
1349 2398 1390 2437 οὗ
1411 2405 1508 2438 ἕνεκα
1532 2407 1619 2449 πρᾶ-

201 2461 248 2496 ξίς
271 2471 328 2498 τις,
351 2457 503 2502 φανερὸν
527 2456 575 2490 ὅτι
601 2459 656 2489 καὶ
682 2457 717 2489 τὸ
742 2455 886 2491 σύνολον
910 2459 1009 2501 σῶμα
1036 2459 1215 2498 συνέστηκε
1239 2456 1388 2502 πράξεώς
1411 2468 1499 2494 τινος
1521 2458 1618 2491 ἕνεκα

200 2511 358 2554 πλήρους.

288 2566 314 2606 ⁴)
340 2567 378 2597 L.
400 2567 422 2599 l.
445 2566 501 2605 IV,
530 2568 576 2597 10.
602 2568 662 2597 687
681 2568 768 2597 alo.
815 2567 843 2597 8.
867 2566 929 2597 684
945 2568 1028 2598 ¹228.
1053 2566 1111 2603 III,
1137 2565 1166 2597 1.
1190 2567 1248 2597 661
1267 2565 1288 2597 b
1305 2568 1357 2597 23.

292 2619 316 2660 5)
337 2621 415 2651 Met.
442 2620 480 2658 Θ,
505 2622 535 2651 6.
562 2621 642 2651 1048
659 2619 680 2650 b
699 2621 747 2650 22.
