<?xml version="1.0" encoding="UTF-8"?>
<!DOCTYPE html PUBLIC "-//W3C//DTD XHTML 1.0 Transitional//EN"
    "http://www.w3.org/TR/xhtml1/DTD/xhtml1-transitional.dtd">
<html xmlns="http://www.w3.org/1999/xhtml" xml:lang="en" lang="en">
 <head>
  <title>
</title>
<meta http-equiv="Content-Type" content="text/html;charset=utf-8" />
  <meta name='ocr-system' content='tesseract 3.04.00' />
  <meta name='ocr-capabilities' content='ocr_page ocr_carea ocr_par ocr_line ocrx_word'/>
</head>
<body>
  <div class='ocr_page' id='page_1' title='image "4737903_0055.png"; bbox 0 0 1837 3017; ppageno 0'>
   <div class='ocr_carea' id='block_1_1' title="bbox 1677 35 1837 73">
    <p class='ocr_par' dir='ltr' id='par_1_1' title="bbox 1677 35 1837 73">
     <span class='ocr_line' id='line_1_1' title="bbox 1677 35 1837 73; baseline -0.025 0"><span class='ocrx_word' id='word_1_1' title='bbox 1677 35 1837 73; x_wconf 56' lang='lat' dir='ltr'><strong>&#39;mem--</strong></span> 
     </span>
    </p>
   </div>
   <div class='ocr_carea' id='block_1_2' title="bbox 265 133 1679 1531">
    <p class='ocr_par' dir='ltr' id='par_1_2' title="bbox 265 133 1679 1531">
     <span class='ocr_line' id='line_1_2' title="bbox 844 133 1599 198; baseline 0 0"><span class='ocrx_word' id='word_1_2' title='bbox 844 141 901 189; x_wconf 66' lang='lat'><strong>—&#39;</strong></span> <span class='ocrx_word' id='word_1_3' title='bbox 945 159 995 198; x_wconf 90' lang='lat'><strong>41</strong></span> <span class='ocrx_word' id='word_1_4' title='bbox 1053 182 1097 188; x_wconf 92' lang='lat'><em>-</em></span> <span class='ocrx_word' id='word_1_5' title='bbox 1491 133 1599 169; x_wconf 47' lang='lat'><strong>¹³⁸⁴*</strong></span> 
     </span>
     <span class='ocr_line' id='line_1_3' title="bbox 266 260 1676 317; baseline -0.003 -13"><span class='ocrx_word' id='word_1_6' title='bbox 266 276 350 317; x_wconf 85' lang='lat' dir='ltr'><strong>per</strong></span> <span class='ocrx_word' id='word_1_7' title='bbox 378 276 501 314; x_wconf 87' lang='lat' dir='ltr'><strong>sese,</strong></span> <span class='ocrx_word' id='word_1_8' title='bbox 536 278 592 305; x_wconf 83' lang='lat' dir='ltr'><strong>an</strong></span> <span class='ocrx_word' id='word_1_9' title='bbox 627 263 808 311; x_wconf 77' lang='lat' dir='ltr'><strong>habeat</strong></span> <span class='ocrx_word' id='word_1_10' title='bbox 834 263 1082 314; x_wconf 82' lang='lat' dir='ltr'><strong>ordinem,</strong></span> <span class='ocrx_word' id='word_1_11' title='bbox 1117 263 1155 303; x_wconf 87' lang='lat' dir='ltr'><strong>h.</strong></span> <span class='ocrx_word' id='word_1_12' title='bbox 1186 277 1220 303; x_wconf 89' lang='lat' dir='ltr'><strong>e.</strong></span> <span class='ocrx_word' id='word_1_13' title='bbox 1250 277 1301 302; x_wconf 88' lang='lat' dir='ltr'><strong>an</strong></span> <span class='ocrx_word' id='word_1_14' title='bbox 1327 261 1385 301; x_wconf 84' lang='lat' dir='ltr'><strong>ita</strong></span> <span class='ocrx_word' id='word_1_15' title='bbox 1412 266 1456 302; x_wconf 71' lang='lat' dir='ltr'><strong>ut</strong></span> <span class='ocrx_word' id='word_1_16' title='bbox 1483 260 1676 301; x_wconf 87' lang='lat' dir='ltr'><strong>continea-</strong></span> 
     </span>
     <span class='ocr_line' id='line_1_4' title="bbox 265 328 1675 384; baseline -0.002 -15"><span class='ocrx_word' id='word_1_17' title='bbox 265 336 331 370; x_wconf 89' lang='lat' dir='ltr'><strong>tur</strong></span> <span class='ocrx_word' id='word_1_18' title='bbox 345 330 506 371; x_wconf 56' lang='lat' dir='ltr'><strong>&#39;ordinm</strong></span> <span class='ocrx_word' id='word_1_19' title='bbox 560 331 788 384; x_wconf 86' lang='lat' dir='ltr'><strong>Utroque</strong></span> <span class='ocrx_word' id='word_1_20' title='bbox 816 331 953 371; x_wconf 88' lang='lat' dir='ltr'><strong>modo</strong></span> <span class='ocrx_word' id='word_1_21' title='bbox 979 329 1147 370; x_wconf 88' lang='lat' dir='ltr'><strong>mundus</strong></span> <span class='ocrx_word' id='word_1_22' title='bbox 1175 331 1295 370; x_wconf 85' lang='lat' dir='ltr'><strong>habet</strong></span> <span class='ocrx_word' id='word_1_23' title='bbox 1322 330 1490 378; x_wconf 88' lang='lat' dir='ltr'><strong>bonum,</strong></span> <span class='ocrx_word' id='word_1_24' title='bbox 1528 328 1675 367; x_wconf 85' lang='lat' dir='ltr'><strong>sicuti</strong></span> 
     </span>
     <span class='ocr_line' id='line_1_5' title="bbox 266 392 1675 452; baseline -0.002 -16"><span class='ocrx_word' id='word_1_25' title='bbox 266 398 510 438; x_wconf 78' lang='lat' dir='ltr'><strong>exercitus</strong></span> <span class='ocrx_word' id='word_1_26' title='bbox 547 392 594 452; x_wconf 83' lang='grc' dir='ltr'><strong>[ἥ</strong></span> <span class='ocrx_word' id='word_1_27' title='bbox 620 398 786 438; x_wconf 85' lang='lat' dir='ltr'><strong>alterum</strong></span> <span class='ocrx_word' id='word_1_28' title='bbox 822 396 1097 452; x_wconf 86' lang='lat' dir='ltr'><strong>respondentis</strong></span> <span class='ocrx_word' id='word_1_29' title='bbox 1133 403 1211 437; x_wconf 85' lang='lat' dir='ltr'><strong>est:</strong></span> <span class='ocrx_word' id='word_1_30' title='bbox 1249 398 1299 437; x_wconf 85' lang='lat' dir='ltr'><strong>cf.</strong></span> <span class='ocrx_word' id='word_1_31' title='bbox 1335 394 1675 447; x_wconf 86' lang='lat' dir='ltr'><strong>Trendelenburg.</strong></span> 
     </span>
     <span class='ocr_line' id='line_1_6' title="bbox 265 462 1678 518; baseline -0.002 -13"><span class='ocrx_word' id='word_1_32' title='bbox 265 464 315 505; x_wconf 84' lang='lat' dir='ltr'><strong>ad</strong></span> <span class='ocrx_word' id='word_1_33' title='bbox 342 464 465 506; x_wconf 83' lang='lat' dir='ltr'><strong>Arist.</strong></span> <span class='ocrx_word' id='word_1_34' title='bbox 494 464 544 505; x_wconf 89' lang='lat' dir='ltr'><strong>de</strong></span> <span class='ocrx_word' id='word_1_35' title='bbox 570 465 688 506; x_wconf 83' lang='lat' dir='ltr'><strong>anim.</strong></span> <span class='ocrx_word' id='word_1_36' title='bbox 717 480 756 518; x_wconf 89' lang='lat' dir='ltr'><strong>p.</strong></span> <span class='ocrx_word' id='word_1_37' title='bbox 776 465 866 505; x_wconf 88' lang='grc'><strong>208.</strong></span> <span class='ocrx_word' id='word_1_38' title='bbox 895 464 1043 505; x_wconf 84' lang='lat' dir='ltr'><strong>Waitz.</strong></span> <span class='ocrx_word' id='word_1_39' title='bbox 1072 463 1169 518; x_wconf 85' lang='lat' dir='ltr'><strong>Org.</strong></span> <span class='ocrx_word' id='word_1_40' title='bbox 1199 465 1232 515; x_wconf 96' lang='lat' dir='ltr'><strong>I,</strong></span> <span class='ocrx_word' id='word_1_41' title='bbox 1259 480 1297 518; x_wconf 89' lang='lat' dir='ltr'><strong>p.</strong></span> <span class='ocrx_word' id='word_1_42' title='bbox 1314 462 1424 517; x_wconf 61' lang='lat'>520}</span> <span class='ocrx_word' id='word_1_43' title='bbox 1479 463 1601 503; x_wconf 86' lang='lat' dir='ltr'><strong>Nam</strong></span> <span class='ocrx_word' id='word_1_44' title='bbox 1631 469 1678 502; x_wconf 84' lang='lat' dir='ltr'><strong>et</strong></span> 
     </span>
     <span class='ocr_line' id='line_1_7' title="bbox 265 530 1678 586; baseline -0.001 -14"><span class='ocrx_word' id='word_1_45' title='bbox 265 532 314 572; x_wconf 82' lang='lat' dir='ltr'><strong>in</strong></span> <span class='ocrx_word' id='word_1_46' title='bbox 342 532 514 572; x_wconf 89' lang='lat' dir='ltr'><strong>ordine</strong></span> <span class='ocrx_word' id='word_1_47' title='bbox 542 531 773 573; x_wconf 78' lang='lat' dir='ltr'><strong>consistit</strong></span> <span class='ocrx_word' id='word_1_48' title='bbox 799 532 991 582; x_wconf 90' lang='lat' dir='ltr'><strong>bonum,</strong></span> <span class='ocrx_word' id='word_1_49' title='bbox 1020 532 1125 586; x_wconf 89' lang='lat' dir='ltr'><strong>quod</strong></span> <span class='ocrx_word' id='word_1_50' title='bbox 1145 532 1339 572; x_wconf 83' lang='lat' dir='ltr'><strong>exercitus</strong></span> <span class='ocrx_word' id='word_1_51' title='bbox 1356 531 1490 582; x_wconf 82' lang='lat' dir='ltr'><strong>habet,</strong></span> <span class='ocrx_word' id='word_1_52' title='bbox 1521 537 1567 571; x_wconf 86' lang='lat' dir='ltr'><strong>et</strong></span> <span class='ocrx_word' id='word_1_53' title='bbox 1586 530 1678 570; x_wconf 84' lang='lat' dir='ltr'><strong>dux</strong></span> 
     </span>
     <span class='ocr_line' id='line_1_8' title="bbox 267 598 1678 653; baseline 0 -15"><span class='ocrx_word' id='word_1_54' title='bbox 267 605 342 639; x_wconf 87' lang='lat' dir='ltr'><strong>est</strong></span> <span class='ocrx_word' id='word_1_55' title='bbox 368 599 560 651; x_wconf 88' lang='lat' dir='ltr'><strong>bonum,</strong></span> <span class='ocrx_word' id='word_1_56' title='bbox 598 606 746 653; x_wconf 83' lang='lat' dir='ltr'><strong>atque</strong></span> <span class='ocrx_word' id='word_1_57' title='bbox 785 599 877 639; x_wconf 85' lang='lat' dir='ltr'><strong>dux</strong></span> <span class='ocrx_word' id='word_1_58' title='bbox 911 599 1053 639; x_wconf 84' lang='lat' dir='ltr'><strong>etiarn</strong></span> <span class='ocrx_word' id='word_1_59' title='bbox 1091 600 1268 651; x_wconf 84' lang='lat' dir='ltr'><strong>magis:</strong></span> <span class='ocrx_word' id='word_1_60' title='bbox 1303 614 1397 639; x_wconf 90' lang='lat' dir='ltr'><strong>non</strong></span> <span class='ocrx_word' id='word_1_61' title='bbox 1427 599 1560 639; x_wconf 87' lang='lat' dir='ltr'><strong>enim</strong></span> <span class='ocrx_word' id='word_1_62' title='bbox 1597 598 1678 638; x_wconf 79' lang='lat' dir='ltr'><strong>hic</strong></span> 
     </span>
     <span class='ocr_line' id='line_1_9' title="bbox 267 663 1678 722; baseline -0.001 -15"><span class='ocrx_word' id='word_1_63' title='bbox 267 672 340 707; x_wconf 83' lang='lat' dir='ltr'><strong>est</strong></span> <span class='ocrx_word' id='word_1_64' title='bbox 365 680 448 721; x_wconf 89' lang='lat' dir='ltr'><strong>per</strong></span> <span class='ocrx_word' id='word_1_65' title='bbox 476 666 717 717; x_wconf 80' lang='lat' dir='ltr'><strong>ordinem,</strong></span> <span class='ocrx_word' id='word_1_66' title='bbox 753 665 839 706; x_wconf 87' lang='lat' dir='ltr'><strong>sed</strong></span> <span class='ocrx_word' id='word_1_67' title='bbox 876 681 956 720; x_wconf 90' lang='lat' dir='ltr'><strong>per</strong></span> <span class='ocrx_word' id='word_1_68' title='bbox 982 667 1108 707; x_wconf 89' lang='lat' dir='ltr'><strong>hunc</strong></span> <span class='ocrx_word' id='word_1_69' title='bbox 1138 666 1252 707; x_wconf 85' lang='lat' dir='ltr'><strong>ordo</strong></span> <span class='ocrx_word' id='word_1_70' title='bbox 1291 663 1377 722; x_wconf 81' lang='grc' dir='ltr'><strong><em>[διά</em></strong></span> <span class='ocrx_word' id='word_1_71' title='bbox 1406 664 1494 707; x_wconf 81' lang='lat' dir='ltr'><strong>curn</strong></span> <span class='ocrx_word' id='word_1_72' title='bbox 1521 680 1678 708; x_wconf 85' lang='lat' dir='ltr'><strong>accusa-</strong></span> 
     </span>
     <span class='ocr_line' id='line_1_10' title="bbox 266 731 1677 788; baseline 0.001 -15"><span class='ocrx_word' id='word_1_73' title='bbox 266 734 349 774; x_wconf 86' lang='lat' dir='ltr'><strong>tivo</strong></span> <span class='ocrx_word' id='word_1_74' title='bbox 377 734 626 775; x_wconf 88' lang='lat' dir='ltr'><strong>coniunctum</strong></span> <span class='ocrx_word' id='word_1_75' title='bbox 651 734 689 774; x_wconf 91' lang='lat' dir='ltr'><strong>h.</strong></span> <span class='ocrx_word' id='word_1_76' title='bbox 707 734 734 773; x_wconf 91' lang='lat' dir='ltr'><strong>l.</strong></span> <span class='ocrx_word' id='word_1_77' title='bbox 763 740 807 774; x_wconf 85' lang='lat' dir='ltr'><strong>ut</strong></span> <span class='ocrx_word' id='word_1_78' title='bbox 833 748 950 788; x_wconf 81' lang='lat' dir='ltr'><strong>saepe</strong></span> <span class='ocrx_word' id='word_1_79' title='bbox 978 734 1083 788; x_wconf 88' lang='lat' dir='ltr'><strong>apud</strong></span> <span class='ocrx_word' id='word_1_80' title='bbox 1103 735 1356 775; x_wconf 84' lang='lat' dir='ltr'><strong>Aristotelem</strong></span> <span class='ocrx_word' id='word_1_81' title='bbox 1382 734 1430 776; x_wconf 82' lang='grc' dir='ltr'><strong>τὸ</strong></span> <span class='ocrx_word' id='word_1_82' title='bbox 1450 731 1584 775; x_wconf 74' lang='grc' dir='ltr'><strong><em>αἴτιον</em></strong></span> <span class='ocrx_word' id='word_1_83' title='bbox 1608 733 1677 775; x_wconf 86' lang='grc' dir='ltr'><strong><em>καὶ</em></strong></span> 
     </span>
     <span class='ocr_line' id='line_1_11' title="bbox 265 798 1675 857; baseline 0 -15"><span class='ocrx_word' id='word_1_84' title='bbox 265 801 338 856; x_wconf 80' lang='grc' dir='ltr'><strong><em>τὴν</em></strong></span> <span class='ocrx_word' id='word_1_85' title='bbox 364 798 487 857; x_wconf 76' lang='grc' dir='ltr'><strong><em>ἀρχήν</em></strong></span> <span class='ocrx_word' id='word_1_86' title='bbox 515 800 729 854; x_wconf 85' lang='lat' dir='ltr'><strong>significat:</strong></span> <span class='ocrx_word' id='word_1_87' title='bbox 757 801 807 841; x_wconf 90' lang='lat' dir='ltr'><strong>cf.</strong></span> <span class='ocrx_word' id='word_1_88' title='bbox 822 801 920 842; x_wconf 83' lang='lat' dir='ltr'><strong>Met.</strong></span> <span class='ocrx_word' id='word_1_89' title='bbox 937 802 987 853; x_wconf 88' lang='lat' dir='ltr'><strong>A,</strong></span> <span class='ocrx_word' id='word_1_90' title='bbox 1011 802 1046 842; x_wconf 90' lang='lat'><strong>3.</strong></span> <span class='ocrx_word' id='word_1_91' title='bbox 1070 801 1277 857; x_wconf 84' lang='lat' dir='ltr'><strong>983a29].</strong></span> <span class='ocrx_word' id='word_1_92' title='bbox 1321 802 1493 844; x_wconf 88' lang='lat' dir='ltr'><strong>Omnia</strong></span> <span class='ocrx_word' id='word_1_93' title='bbox 1519 808 1675 843; x_wconf 88' lang='lat' dir='ltr'><strong>autem</strong></span> 
     </span>
     <span class='ocr_line' id='line_1_12' title="bbox 267 869 1677 924; baseline -0.001 -14"><span class='ocrx_word' id='word_1_94' title='bbox 267 869 618 923; x_wconf 88' lang='lat' dir='ltr'><strong>quodammodo</strong></span> <span class='ocrx_word' id='word_1_95' title='bbox 647 869 924 922; x_wconf 86' lang='lat' dir='ltr'><strong>composita</strong></span> <span class='ocrx_word' id='word_1_96' title='bbox 951 876 1080 920; x_wconf 89' lang='lat' dir='ltr'><strong>sunt,</strong></span> <span class='ocrx_word' id='word_1_97' title='bbox 1111 884 1404 924; x_wconf 87' lang='lat' dir='ltr'><strong>quamquam</strong></span> <span class='ocrx_word' id='word_1_98' title='bbox 1431 870 1583 910; x_wconf 89' lang='lat' dir='ltr'><strong>modis</strong></span> <span class='ocrx_word' id='word_1_99' title='bbox 1612 870 1677 909; x_wconf 87' lang='lat' dir='ltr'><strong>di-</strong></span> 
     </span>
     <span class='ocr_line' id='line_1_13' title="bbox 266 926 1677 991; baseline 0.001 -15"><span class='ocrx_word' id='word_1_100' title='bbox 266 937 440 987; x_wconf 86' lang='lat' dir='ltr'><strong>versis,</strong></span> <span class='ocrx_word' id='word_1_101' title='bbox 477 942 521 977; x_wconf 87' lang='lat' dir='ltr'><strong>et</strong></span> <span class='ocrx_word' id='word_1_102' title='bbox 548 939 711 991; x_wconf 81' lang='lat' dir='ltr'><strong>pisces</strong></span> <span class='ocrx_word' id='word_1_103' title='bbox 741 942 786 976; x_wconf 87' lang='lat' dir='ltr'><strong>et</strong></span> <span class='ocrx_word' id='word_1_104' title='bbox 814 926 1035 978; x_wconf 48' lang='lat' dir='ltr'><strong>§olueres</strong></span> <span class='ocrx_word' id='word_1_105' title='bbox 1064 943 1109 978; x_wconf 90' lang='lat' dir='ltr'><strong>et</strong></span> <span class='ocrx_word' id='word_1_106' title='bbox 1136 938 1362 991; x_wconf 86' lang='lat' dir='ltr'><strong>plantae,</strong></span> <span class='ocrx_word' id='word_1_107' title='bbox 1399 938 1438 978; x_wconf 91' lang='lat' dir='ltr'><strong>h.</strong></span> <span class='ocrx_word' id='word_1_108' title='bbox 1470 953 1503 978; x_wconf 90' lang='lat' dir='ltr'><strong>e.</strong></span> <span class='ocrx_word' id='word_1_109' title='bbox 1534 937 1597 977; x_wconf 90' lang='lat' dir='ltr'><strong>vel</strong></span> <span class='ocrx_word' id='word_1_110' title='bbox 1624 937 1677 977; x_wconf 90' lang='lat' dir='ltr'><strong>in-</strong></span> 
     </span>
     <span class='ocr_line' id='line_1_14' title="bbox 265 1004 1677 1057; baseline 0.001 -14"><span class='ocrx_word' id='word_1_111' title='bbox 265 1004 346 1043; x_wconf 89' lang='lat' dir='ltr'><strong>fimi</strong></span> <span class='ocrx_word' id='word_1_112' title='bbox 390 1004 536 1044; x_wconf 79' lang='lat' dir='ltr'><strong>ordinis</strong></span> <span class='ocrx_word' id='word_1_113' title='bbox 583 1009 767 1054; x_wconf 84' lang='lat' dir='ltr'><strong>naturae,</strong></span> <span class='ocrx_word' id='word_1_114' title='bbox 819 1017 971 1057; x_wconf 90' lang='lat' dir='ltr'><strong>neque</strong></span> <span class='ocrx_word' id='word_1_115' title='bbox 1015 1005 1084 1055; x_wconf 84' lang='lat' dir='ltr'><strong>ita</strong></span> <span class='ocrx_word' id='word_1_116' title='bbox 1132 1020 1178 1045; x_wconf 89' lang='lat' dir='ltr'><strong>se</strong></span> <span class='ocrx_word' id='word_1_117' title='bbox 1222 1005 1413 1055; x_wconf 88' lang='lat' dir='ltr'><strong>habent,</strong></span> <span class='ocrx_word' id='word_1_118' title='bbox 1455 1011 1502 1044; x_wconf 84' lang='lat' dir='ltr'><strong>ut</strong></span> <span class='ocrx_word' id='word_1_119' title='bbox 1540 1004 1677 1044; x_wconf 82' lang='lat' dir='ltr'><strong>nulla</strong></span> 
     </span>
     <span class='ocr_line' id='line_1_15' title="bbox 267 1071 1677 1122; baseline 0 -11"><span class='ocrx_word' id='word_1_120' title='bbox 267 1071 452 1112; x_wconf 89' lang='lat' dir='ltr'><strong>omnino</strong></span> <span class='ocrx_word' id='word_1_121' title='bbox 482 1071 625 1111; x_wconf 82' lang='lat' dir='ltr'><strong>alteri</strong></span> <span class='ocrx_word' id='word_1_122' title='bbox 645 1086 744 1111; x_wconf 89' lang='lat' dir='ltr'><strong>cum</strong></span> <span class='ocrx_word' id='word_1_123' title='bbox 771 1072 924 1112; x_wconf 85' lang='lat' dir='ltr'><strong>altero</strong></span> <span class='ocrx_word' id='word_1_124' title='bbox 945 1072 1353 1122; x_wconf 83' lang='lat' dir='ltr'><strong>sitnecessitudo,</strong></span> <span class='ocrx_word' id='word_1_125' title='bbox 1382 1073 1463 1111; x_wconf 90' lang='lat' dir='ltr'><strong>sed</strong></span> <span class='ocrx_word' id='word_1_126' title='bbox 1491 1078 1565 1112; x_wconf 88' lang='lat' dir='ltr'><strong>est</strong></span> <span class='ocrx_word' id='word_1_127' title='bbox 1591 1073 1677 1111; x_wconf 82' lang='lat' dir='ltr'><strong>ali-</strong></span> 
     </span>
     <span class='ocr_line' id='line_1_16' title="bbox 268 1138 1677 1193; baseline 0 -15"><span class='ocrx_word' id='word_1_128' title='bbox 268 1152 376 1192; x_wconf 90' lang='lat' dir='ltr'><strong>qua:</strong></span> <span class='ocrx_word' id='word_1_129' title='bbox 413 1138 469 1178; x_wconf 89' lang='lat' dir='ltr'><strong>ad</strong></span> <span class='ocrx_word' id='word_1_130' title='bbox 507 1152 647 1178; x_wconf 89' lang='lat' dir='ltr'><strong>unum</strong></span> <span class='ocrx_word' id='word_1_131' title='bbox 683 1138 808 1179; x_wconf 85' lang='lat' dir='ltr'><strong>enim</strong></span> <span class='ocrx_word' id='word_1_132' title='bbox 846 1139 1018 1189; x_wconf 83' lang='lat' dir='ltr'><strong>omnia,</strong></span> <span class='ocrx_word' id='word_1_133' title='bbox 1061 1152 1162 1193; x_wconf 87' lang='lat' dir='ltr'><strong>quae</strong></span> <span class='ocrx_word' id='word_1_134' title='bbox 1196 1139 1378 1179; x_wconf 87' lang='lat' dir='ltr'><strong>universo</strong></span> <span class='ocrx_word' id='word_1_135' title='bbox 1417 1139 1677 1189; x_wconf 86' lang='lat' dir='ltr'><strong>continentur,</strong></span> 
     </span>
     <span class='ocr_line' id='line_1_17' title="bbox 268 1203 1679 1261; baseline 0.001 -16"><span class='ocrx_word' id='word_1_136' title='bbox 268 1206 536 1261; x_wconf 62' lang='lat' dir='ltr'><strong>omposita</strong></span> <span class='ocrx_word' id='word_1_137' title='bbox 563 1212 673 1247; x_wconf 85' lang='lat' dir='ltr'><strong>sunt</strong></span> <span class='ocrx_word' id='word_1_138' title='bbox 701 1205 821 1261; x_wconf 84' lang='grc' dir='ltr'><strong><em>[πρὸς</em></strong></span> <span class='ocrx_word' id='word_1_139' title='bbox 848 1203 890 1248; x_wconf 71' lang='grc' dir='ltr'><strong><em>ἓν</em></strong></span> <span class='ocrx_word' id='word_1_140' title='bbox 917 1205 1080 1248; x_wconf 79' lang='grc' dir='ltr'><strong><em>ἅπαντα</em></strong></span> <span class='ocrx_word' id='word_1_141' title='bbox 1107 1207 1389 1258; x_wconf 79' lang='grc' dir='ltr'><strong><em>συντέτακται,</em></strong></span> <span class='ocrx_word' id='word_1_142' title='bbox 1418 1208 1455 1247; x_wconf 91' lang='lat' dir='ltr'><strong>h.</strong></span> <span class='ocrx_word' id='word_1_143' title='bbox 1486 1221 1519 1247; x_wconf 91' lang='lat' dir='ltr'><strong>e.</strong></span> <span class='ocrx_word' id='word_1_144' title='bbox 1547 1206 1679 1248; x_wconf 85' lang='lat' dir='ltr'><strong>omnia</strong></span> 
     </span>
     <span class='ocr_line' id='line_1_18' title="bbox 266 1274 1678 1328; baseline 0 -14"><span class='ocrx_word' id='word_1_145' title='bbox 266 1274 321 1314; x_wconf 84' lang='lat' dir='ltr'><strong>ita</strong></span> <span class='ocrx_word' id='word_1_146' title='bbox 354 1274 456 1315; x_wconf 86' lang='lat' dir='ltr'><strong>inter</strong></span> <span class='ocrx_word' id='word_1_147' title='bbox 490 1288 532 1314; x_wconf 88' lang='lat' dir='ltr'><strong>se</strong></span> <span class='ocrx_word' id='word_1_148' title='bbox 570 1274 751 1328; x_wconf 87' lang='lat' dir='ltr'><strong>copulata</strong></span> <span class='ocrx_word' id='word_1_149' title='bbox 785 1282 824 1315; x_wconf 88' lang='lat' dir='ltr'><strong>et</strong></span> <span class='ocrx_word' id='word_1_150' title='bbox 860 1276 1068 1316; x_wconf 84' lang='lat' dir='ltr'><strong>coniuncta</strong></span> <span class='ocrx_word' id='word_1_151' title='bbox 1106 1282 1212 1327; x_wconf 84' lang='lat' dir='ltr'><strong>sunt,</strong></span> <span class='ocrx_word' id='word_1_152' title='bbox 1252 1282 1295 1317; x_wconf 87' lang='lat' dir='ltr'><strong>ut</strong></span> <span class='ocrx_word' id='word_1_153' title='bbox 1334 1275 1508 1316; x_wconf 81' lang='lat' dir='ltr'><strong>efficiant</strong></span> <span class='ocrx_word' id='word_1_154' title='bbox 1545 1289 1678 1315; x_wconf 89' lang='lat' dir='ltr'><strong>unum.</strong></span> 
     </span>
     <span class='ocr_line' id='line_1_19' title="bbox 265 1341 1677 1398; baseline 0.001 -16"><span class='ocrx_word' id='word_1_155' title='bbox 265 1341 392 1382; x_wconf 89' lang='lat' dir='ltr'><strong>Aliter</strong></span> <span class='ocrx_word' id='word_1_156' title='bbox 426 1342 627 1383; x_wconf 84' lang='lat' dir='ltr'><strong>Bonitzius</strong></span> <span class='ocrx_word' id='word_1_157' title='bbox 657 1343 779 1384; x_wconf 85' lang='lat' dir='ltr'><strong>Arist.</strong></span> <span class='ocrx_word' id='word_1_158' title='bbox 809 1343 985 1398; x_wconf 87' lang='lat' dir='ltr'><strong>Metaph.</strong></span> <span class='ocrx_word' id='word_1_159' title='bbox 1014 1345 1068 1395; x_wconf 85' lang='grc' dir='ltr'><strong>Π,</strong></span> <span class='ocrx_word' id='word_1_160' title='bbox 1096 1360 1135 1398; x_wconf 89' lang='lat' dir='ltr'><strong>p.</strong></span> <span class='ocrx_word' id='word_1_161' title='bbox 1152 1344 1246 1384; x_wconf 84' lang='lat'>519:</span> <span class='ocrx_word' id='word_1_162' title='bbox 1275 1344 1430 1395; x_wconf 80' lang='lat' dir='ltr'><strong>„omnia</strong></span> <span class='ocrx_word' id='word_1_163' title='bbox 1456 1343 1560 1383; x_wconf 89' lang='lat' dir='ltr'><strong>enim</strong></span> <span class='ocrx_word' id='word_1_164' title='bbox 1588 1357 1677 1383; x_wconf 90' lang='lat' dir='ltr'><strong>cum</strong></span> 
     </span>
     <span class='ocr_line' id='line_1_20' title="bbox 268 1410 1678 1460; baseline 0.001 -11"><span class='ocrx_word' id='word_1_165' title='bbox 268 1410 447 1450; x_wconf 86' lang='lat' dir='ltr'><strong>omnibus</strong></span> <span class='ocrx_word' id='word_1_166' title='bbox 474 1410 688 1451; x_wconf 82' lang='lat' dir='ltr'><strong>cohaerent</strong></span> <span class='ocrx_word' id='word_1_167' title='bbox 715 1417 753 1451; x_wconf 86' lang='lat' dir='ltr'><strong>ct</strong></span> <span class='ocrx_word' id='word_1_168' title='bbox 780 1411 829 1451; x_wconf 86' lang='lat' dir='ltr'><strong>ad</strong></span> <span class='ocrx_word' id='word_1_169' title='bbox 858 1425 979 1452; x_wconf 88' lang='lat' dir='ltr'><strong>unum</strong></span> <span class='ocrx_word' id='word_1_170' title='bbox 1006 1411 1209 1451; x_wconf 83' lang='lat' dir='ltr'><strong>tendunt.“</strong></span> <span class='ocrx_word' id='word_1_171' title='bbox 1267 1412 1381 1460; x_wconf 84' lang='lat' dir='ltr'><strong>Quae</strong></span> <span class='ocrx_word' id='word_1_172' title='bbox 1408 1410 1604 1451; x_wconf 81' lang='lat' dir='ltr'><strong>sententia</strong></span> <span class='ocrx_word' id='word_1_173' title='bbox 1629 1410 1678 1450; x_wconf 86' lang='lat' dir='ltr'><strong>ab</strong></span> 
     </span>
     <span class='ocr_line' id='line_1_21' title="bbox 266 1477 1679 1531; baseline -0.001 -14"><span class='ocrx_word' id='word_1_174' title='bbox 266 1478 325 1517; x_wconf 89' lang='lat' dir='ltr'><strong>his</strong></span> <span class='ocrx_word' id='word_1_175' title='bbox 354 1477 512 1531; x_wconf 91' lang='lat' dir='ltr'><strong>quidem</strong></span> <span class='ocrx_word' id='word_1_176' title='bbox 539 1479 669 1518; x_wconf 89' lang='lat' dir='ltr'><strong>verbis</strong></span> <span class='ocrx_word' id='word_1_177' title='bbox 698 1478 854 1518; x_wconf 82' lang='lat' dir='ltr'><strong>videtur</strong></span> <span class='ocrx_word' id='word_1_178' title='bbox 881 1492 967 1518; x_wconf 89' lang='lat' dir='ltr'><strong>esse</strong></span> <span class='ocrx_word' id='word_1_179' title='bbox 996 1477 1158 1531; x_wconf 84' lang='lat' dir='ltr'><strong>aliena],</strong></span> <span class='ocrx_word' id='word_1_180' title='bbox 1194 1491 1357 1518; x_wconf 86' lang='lat' dir='ltr'><strong>verum</strong></span> <span class='ocrx_word' id='word_1_181' title='bbox 1385 1478 1516 1530; x_wconf 73' lang='lat' dir='ltr'><strong>ita1),</strong></span> <span class='ocrx_word' id='word_1_182' title='bbox 1555 1483 1604 1517; x_wconf 86' lang='lat' dir='ltr'><strong>ut</strong></span> <span class='ocrx_word' id='word_1_183' title='bbox 1630 1477 1679 1516; x_wconf 90' lang='lat' dir='ltr'><strong>in</strong></span> 
     </span>
    </p>
   </div>
   <div class='ocr_carea' id='block_1_3' title="bbox 271 1573 514 1578">
    <p class='ocr_par' dir='ltr' id='par_1_3' title="bbox 271 1573 514 1578">
     <span class='ocr_line' id='line_1_22' title="bbox 271 1573 514 1578; baseline 0 0"><span class='ocrx_word' id='word_1_184' title='bbox 271 1573 514 1578; x_wconf 95' lang='lat' dir='ltr'><strong> </strong></span> 
     </span>
    </p>
   </div>
   <div class='ocr_carea' id='block_1_4' title="bbox 248 1615 1685 2679">
    <p class='ocr_par' dir='ltr' id='par_1_4' title="bbox 248 1615 1685 2679">
     <span class='ocr_line' id='line_1_23' title="bbox 357 1615 1681 1661; baseline 0 -11"><span class='ocrx_word' id='word_1_185' title='bbox 357 1618 379 1659; x_wconf 89' lang='lat'><strong>¹)</strong></span> <span class='ocrx_word' id='word_1_186' title='bbox 403 1615 476 1650; x_wconf 82' lang='grc' dir='ltr'><strong><em>ἀλλ’</em></strong></span> <span class='ocrx_word' id='word_1_187' title='bbox 509 1615 622 1661; x_wconf 80' lang='grc' dir='ltr'><strong><em>ὥσπερ</em></strong></span> <span class='ocrx_word' id='word_1_188' title='bbox 659 1617 696 1651; x_wconf 74' lang='grc' dir='ltr'><strong><em>ἐν</em></strong></span> <span class='ocrx_word' id='word_1_189' title='bbox 729 1618 819 1659; x_wconf 78' lang='grc' dir='ltr'><strong><em>οἰκίᾳ</em></strong></span> <span class='ocrx_word' id='word_1_190' title='bbox 852 1620 920 1654; x_wconf 86' lang='grc' dir='ltr'><strong><em>τοῖς</em></strong></span> <span class='ocrx_word' id='word_1_191' title='bbox 954 1618 1141 1661; x_wconf 74' lang='grc' dir='ltr'><strong><em>ἐλευθέροις</em></strong></span> <span class='ocrx_word' id='word_1_192' title='bbox 1175 1615 1293 1658; x_wconf 77' lang='grc' dir='ltr'><strong><em>ἥκιστα</em></strong></span> <span class='ocrx_word' id='word_1_193' title='bbox 1329 1618 1453 1654; x_wconf 79' lang='grc' dir='ltr'><strong><em>ἔξεστιν</em></strong></span> <span class='ocrx_word' id='word_1_194' title='bbox 1482 1615 1502 1650; x_wconf 76' lang='grc' dir='ltr'>ὅ</span> <span class='ocrx_word' id='word_1_195' title='bbox 1530 1630 1560 1650; x_wconf 81' lang='grc' dir='ltr'><strong><em>τι</em></strong></span> <span class='ocrx_word' id='word_1_196' title='bbox 1588 1618 1681 1660; x_wconf 80' lang='grc' dir='ltr'><strong><em>ἔτυχε</em></strong></span> 
     </span>
     <span class='ocr_line' id='line_1_24' title="bbox 267 1669 1682 1713; baseline -0.001 -9"><span class='ocrx_word' id='word_1_197' title='bbox 267 1675 388 1711; x_wconf 81' lang='grc' dir='ltr'><em>ποιεῖν,</em></span> <span class='ocrx_word' id='word_1_198' title='bbox 412 1670 497 1704; x_wconf 77' lang='grc' dir='ltr'><strong><em>ἀλλὰ</em></strong></span> <span class='ocrx_word' id='word_1_199' title='bbox 520 1670 630 1705; x_wconf 78' lang='grc' dir='ltr'><strong><em>πάντα</em></strong></span> <span class='ocrx_word' id='word_1_200' title='bbox 653 1669 672 1711; x_wconf 81' lang='grc' dir='ltr'>ἢ</span> <span class='ocrx_word' id='word_1_201' title='bbox 695 1670 735 1703; x_wconf 81' lang='grc' dir='ltr'><strong>τὰ</strong></span> <span class='ocrx_word' id='word_1_202' title='bbox 759 1673 897 1703; x_wconf 84' lang='grc' dir='ltr'><strong><em>πλεῖστα</em></strong></span> <span class='ocrx_word' id='word_1_203' title='bbox 922 1673 1149 1705; x_wconf 78' lang='grc' dir='ltr'><strong><em>συντέτακται.</em></strong></span> <span class='ocrx_word' id='word_1_204' title='bbox 1186 1673 1252 1703; x_wconf 88' lang='lat' dir='ltr'><strong>Nos</strong></span> <span class='ocrx_word' id='word_1_205' title='bbox 1274 1682 1397 1703; x_wconf 77' lang='lat' dir='ltr'><strong>comma</strong></span> <span class='ocrx_word' id='word_1_206' title='bbox 1419 1675 1586 1713; x_wconf 84' lang='lat' dir='ltr'><strong>posuimus</strong></span> <span class='ocrx_word' id='word_1_207' title='bbox 1608 1677 1682 1703; x_wconf 82' lang='lat' dir='ltr'><strong>ante</strong></span> 
     </span>
     <span class='ocr_line' id='line_1_25' title="bbox 268 1726 1681 1766; baseline -0.001 -7"><span class='ocrx_word' id='word_1_208' title='bbox 268 1727 348 1759; x_wconf 77' lang='lat' dir='ltr'><strong>haec</strong></span> <span class='ocrx_word' id='word_1_209' title='bbox 369 1726 480 1765; x_wconf 77' lang='lat' dir='ltr'><strong>verba,</strong></span> <span class='ocrx_word' id='word_1_210' title='bbox 504 1727 551 1758; x_wconf 87' lang='lat' dir='ltr'><strong>ita</strong></span> <span class='ocrx_word' id='word_1_211' title='bbox 574 1730 609 1758; x_wconf 75' lang='lat' dir='ltr'><strong>nt</strong></span> <span class='ocrx_word' id='word_1_212' title='bbox 630 1726 666 1757; x_wconf 92' lang='lat' dir='ltr'><strong>in</strong></span> <span class='ocrx_word' id='word_1_213' title='bbox 688 1726 750 1757; x_wconf 82' lang='lat' dir='ltr'><strong>hoc</strong></span> <span class='ocrx_word' id='word_1_214' title='bbox 772 1727 944 1758; x_wconf 83' lang='lat' dir='ltr'><strong>enunciato</strong></span> <span class='ocrx_word' id='word_1_215' title='bbox 966 1726 1223 1766; x_wconf 80' lang='lat' dir='ltr'><strong>breviloquentia</strong></span> <span class='ocrx_word' id='word_1_216' title='bbox 1245 1726 1325 1757; x_wconf 83' lang='lat' dir='ltr'><strong>insit</strong></span> <span class='ocrx_word' id='word_1_217' title='bbox 1347 1727 1415 1764; x_wconf 82' lang='lat' dir='ltr'><strong>illa,</strong></span> <span class='ocrx_word' id='word_1_218' title='bbox 1446 1737 1529 1766; x_wconf 84' lang='lat' dir='ltr'><strong>quae</strong></span> <span class='ocrx_word' id='word_1_219' title='bbox 1551 1728 1586 1757; x_wconf 90' lang='lat' dir='ltr'><strong>in</strong></span> <span class='ocrx_word' id='word_1_220' title='bbox 1610 1737 1681 1758; x_wconf 83' lang='lat' dir='ltr'><strong>sen-</strong></span> 
     </span>
     <span class='ocr_line' id='line_1_26' title="bbox 265 1777 1680 1821; baseline -0.001 -10"><span class='ocrx_word' id='word_1_221' title='bbox 265 1781 377 1811; x_wconf 81' lang='lat' dir='ltr'><strong>tentiis</strong></span> <span class='ocrx_word' id='word_1_222' title='bbox 400 1780 440 1811; x_wconf 77' lang='lat' dir='ltr'><strong>ab</strong></span> <span class='ocrx_word' id='word_1_223' title='bbox 465 1777 579 1821; x_wconf 84' lang='grc' dir='ltr'><strong><em>ὥσπερ</em></strong></span> <span class='ocrx_word' id='word_1_224' title='bbox 601 1779 761 1820; x_wconf 77' lang='lat' dir='ltr'><strong>particula</strong></span> <span class='ocrx_word' id='word_1_225' title='bbox 783 1780 1016 1820; x_wconf 83' lang='lat' dir='ltr'><strong>incipientibus</strong></span> <span class='ocrx_word' id='word_1_226' title='bbox 1037 1779 1125 1810; x_wconf 81' lang='lat' dir='ltr'><strong>haud</strong></span> <span class='ocrx_word' id='word_1_227' title='bbox 1145 1789 1217 1810; x_wconf 77' lang='lat' dir='ltr'><strong>rara</strong></span> <span class='ocrx_word' id='word_1_228' title='bbox 1239 1783 1298 1817; x_wconf 82' lang='lat' dir='ltr'><strong>est,</strong></span> <span class='ocrx_word' id='word_1_229' title='bbox 1323 1780 1362 1811; x_wconf 88' lang='lat' dir='ltr'><strong>cf.</strong></span> <span class='ocrx_word' id='word_1_230' title='bbox 1387 1780 1425 1810; x_wconf 87' lang='lat' dir='ltr'><strong>de</strong></span> <span class='ocrx_word' id='word_1_231' title='bbox 1447 1781 1542 1810; x_wconf 80' lang='lat' dir='ltr'><strong>anim.</strong></span> <span class='ocrx_word' id='word_1_232' title='bbox 1566 1780 1625 1819; x_wconf 87' lang='lat'><strong>111,</strong></span> <span class='ocrx_word' id='word_1_233' title='bbox 1650 1783 1680 1811; x_wconf 87' lang='grc'><strong>2.</strong></span> 
     </span>
     <span class='ocr_line' id='line_1_27' title="bbox 266 1823 1680 1877; baseline 0.001 -13"><span class='ocrx_word' id='word_1_234' title='bbox 266 1836 327 1865; x_wconf 83' lang='grc'><strong>427</strong></span> <span class='ocrx_word' id='word_1_235' title='bbox 345 1843 365 1864; x_wconf 70' lang='lat' dir='ltr'><strong>a</strong></span> <span class='ocrx_word' id='word_1_236' title='bbox 380 1837 416 1864; x_wconf 78' lang='lat'><strong>9:</strong></span> <span class='ocrx_word' id='word_1_237' title='bbox 447 1830 525 1864; x_wconf 76' lang='grc' dir='ltr'><strong><em>ἀλλ’</em></strong></span> <span class='ocrx_word' id='word_1_238' title='bbox 550 1830 664 1874; x_wconf 79' lang='grc' dir='ltr'><strong><em>ὥσπερ</em></strong></span> <span class='ocrx_word' id='word_1_239' title='bbox 692 1829 734 1872; x_wconf 84' lang='grc' dir='ltr'><strong><em>ἣν</em></strong></span> <span class='ocrx_word' id='word_1_240' title='bbox 756 1834 901 1864; x_wconf 86' lang='grc' dir='ltr'><strong><em>καλοῦσί</em></strong></span> <span class='ocrx_word' id='word_1_241' title='bbox 924 1844 1008 1869; x_wconf 84' lang='grc' dir='ltr'><strong><em>τινες</em></strong></span> <span class='ocrx_word' id='word_1_242' title='bbox 1035 1830 1189 1876; x_wconf 84' lang='grc' dir='ltr'><strong><em>στιγμήν,</em></strong></span> <span class='ocrx_word' id='word_1_243' title='bbox 1218 1823 1237 1875; x_wconf 80' lang='grc' dir='ltr'><strong><em>ᾗ</em></strong></span> <span class='ocrx_word' id='word_1_244' title='bbox 1258 1834 1322 1874; x_wconf 98' lang='grc' dir='ltr'><strong><em>μία</em></strong></span> <span class='ocrx_word' id='word_1_245' title='bbox 1345 1833 1403 1863; x_wconf 81' lang='grc' dir='ltr'><strong><em>καὶ</em></strong></span> <span class='ocrx_word' id='word_1_246' title='bbox 1423 1825 1444 1877; x_wconf 79' lang='grc' dir='ltr'><em>ἧ</em></span> <span class='ocrx_word' id='word_1_247' title='bbox 1468 1831 1548 1874; x_wconf 79' lang='grc' dir='ltr'><strong><em>δύο,</em></strong></span> <span class='ocrx_word' id='word_1_248' title='bbox 1579 1831 1680 1876; x_wconf 73' lang='grc' dir='ltr'><strong><em>ταύτῃ</em></strong></span> 
     </span>
     <span class='ocr_line' id='line_1_28' title="bbox 266 1883 1682 1931; baseline 0 -12"><span class='ocrx_word' id='word_1_249' title='bbox 266 1888 324 1919; x_wconf 72' lang='grc' dir='ltr'><strong><em>καὶ</em></strong></span> <span class='ocrx_word' id='word_1_250' title='bbox 346 1885 505 1930; x_wconf 79' lang='grc' dir='ltr'><strong><em>διαιρετή.</em></strong></span> <span class='ocrx_word' id='word_1_251' title='bbox 549 1888 596 1927; x_wconf 88' lang='grc' dir='ltr'><strong>ΙΙ,</strong></span> <span class='ocrx_word' id='word_1_252' title='bbox 622 1890 650 1918; x_wconf 83' lang='grc'><strong>2.</strong></span> <span class='ocrx_word' id='word_1_253' title='bbox 674 1889 773 1918; x_wconf 81' lang='lat' dir='ltr'><strong>414a</strong></span> <span class='ocrx_word' id='word_1_254' title='bbox 789 1890 848 1919; x_wconf 84' lang='grc' dir='ltr'><strong><em>2οι</em></strong></span> <span class='ocrx_word' id='word_1_255' title='bbox 877 1887 975 1931; x_wconf 84' lang='grc' dir='ltr'><strong><em>σῶμα</em></strong></span> <span class='ocrx_word' id='word_1_256' title='bbox 1004 1886 1070 1931; x_wconf 79' lang='grc' dir='ltr'><strong><em>μὲν</em></strong></span> <span class='ocrx_word' id='word_1_257' title='bbox 1097 1885 1164 1928; x_wconf 80' lang='grc' dir='ltr'><strong>γὰρ</strong></span> <span class='ocrx_word' id='word_1_258' title='bbox 1194 1883 1254 1917; x_wconf 85' lang='grc' dir='ltr'><strong><em>οὐκ</em></strong></span> <span class='ocrx_word' id='word_1_259' title='bbox 1283 1885 1368 1925; x_wconf 86' lang='grc' dir='ltr'><strong><em>ἔστι,</em></strong></span> <span class='ocrx_word' id='word_1_260' title='bbox 1401 1884 1556 1930; x_wconf 82' lang='grc' dir='ltr'><strong><em>σώματος</em></strong></span> <span class='ocrx_word' id='word_1_261' title='bbox 1579 1887 1621 1919; x_wconf 77' lang='grc' dir='ltr'><strong>δέ</strong></span> <span class='ocrx_word' id='word_1_262' title='bbox 1639 1899 1682 1927; x_wconf 85' lang='grc' dir='ltr'><strong><em>τι,</em></strong></span> 
     </span>
     <span class='ocr_line' id='line_1_29' title="bbox 266 1936 1681 1985; baseline 0 -14"><span class='ocrx_word' id='word_1_263' title='bbox 266 1941 324 1972; x_wconf 77' lang='grc' dir='ltr'><strong>καὶ</strong></span> <span class='ocrx_word' id='word_1_264' title='bbox 347 1938 404 1971; x_wconf 82' lang='grc' dir='ltr'><strong><em>διὰ</em></strong></span> <span class='ocrx_word' id='word_1_265' title='bbox 425 1941 523 1972; x_wconf 85' lang='grc' dir='ltr'><strong><em>τοῦτο</em></strong></span> <span class='ocrx_word' id='word_1_266' title='bbox 547 1940 584 1973; x_wconf 75' lang='grc' dir='ltr'><strong><em>ἔν</em></strong></span> <span class='ocrx_word' id='word_1_267' title='bbox 607 1938 736 1983; x_wconf 85' lang='grc' dir='ltr'><strong><em>σώματι</em></strong></span> <span class='ocrx_word' id='word_1_268' title='bbox 759 1939 914 1985; x_wconf 77' lang='grc' dir='ltr'><strong><em>ὑπάρχει,</em></strong></span> <span class='ocrx_word' id='word_1_269' title='bbox 937 1941 995 1972; x_wconf 83' lang='grc' dir='ltr'><strong><em>καὶ</em></strong></span> <span class='ocrx_word' id='word_1_270' title='bbox 1018 1940 1054 1971; x_wconf 71' lang='grc' dir='ltr'><strong><em>ἓν</em></strong></span> <span class='ocrx_word' id='word_1_271' title='bbox 1076 1937 1205 1982; x_wconf 77' lang='grc' dir='ltr'><strong><em>σώματι</em></strong></span> <span class='ocrx_word' id='word_1_272' title='bbox 1225 1936 1374 1980; x_wconf 78' lang='grc' dir='ltr'><strong><em>τοιούτῳ,</em></strong></span> <span class='ocrx_word' id='word_1_273' title='bbox 1403 1941 1462 1971; x_wconf 78' lang='grc' dir='ltr'><strong>καὶ</strong></span> <span class='ocrx_word' id='word_1_274' title='bbox 1484 1937 1547 1982; x_wconf 80' lang='grc' dir='ltr'><strong><em>οὐχ</em></strong></span> <span class='ocrx_word' id='word_1_275' title='bbox 1568 1937 1681 1983; x_wconf 77' lang='grc' dir='ltr'><strong><em>ὥσπερ</em></strong></span> 
     </span>
     <span class='ocr_line' id='line_1_30' title="bbox 266 1990 1685 2041; baseline -0.001 -15"><span class='ocrx_word' id='word_1_276' title='bbox 266 1994 301 2026; x_wconf 79' lang='grc' dir='ltr'><strong><em>οἱ</em></strong></span> <span class='ocrx_word' id='word_1_277' title='bbox 322 1990 486 2041; x_wconf 67' lang='grc' dir='ltr'><strong><em>πρότερον</em></strong></span> <span class='ocrx_word' id='word_1_278' title='bbox 509 1996 555 2029; x_wconf 81' lang='grc' dir='ltr'><strong>εἰς</strong></span> <span class='ocrx_word' id='word_1_279' title='bbox 577 1994 676 2038; x_wconf 82' lang='grc' dir='ltr'><strong><em>σῶμα</em></strong></span> <span class='ocrx_word' id='word_1_280' title='bbox 699 1991 883 2038; x_wconf 75' lang='grc' dir='ltr'><strong><em>ἔνήρμοζον</em></strong></span> <span class='ocrx_word' id='word_1_281' title='bbox 905 1991 1020 2035; x_wconf 81' lang='grc' dir='ltr'><strong><em>αὐτήν,</em></strong></span> <span class='ocrx_word' id='word_1_282' title='bbox 1045 1991 1149 2025; x_wconf 77' lang='grc' dir='ltr'><strong><em>οὐθὲν</em></strong></span> <span class='ocrx_word' id='word_1_283' title='bbox 1165 1991 1458 2035; x_wconf 81' lang='grc' dir='ltr'><strong><em>προσδιορίζοντες</em></strong></span> <span class='ocrx_word' id='word_1_284' title='bbox 1480 1993 1517 2026; x_wconf 75' lang='grc' dir='ltr'><strong><em>ἐν</em></strong></span> <span class='ocrx_word' id='word_1_285' title='bbox 1539 1996 1605 2026; x_wconf 83' lang='grc' dir='ltr'><strong><em>τίνι</em></strong></span> <span class='ocrx_word' id='word_1_286' title='bbox 1626 1995 1685 2026; x_wconf 77' lang='grc' dir='ltr'><strong><em>καὶ</em></strong></span> 
     </span>
     <span class='ocr_line' id='line_1_31' title="bbox 263 2044 1680 2091; baseline -0.001 -11"><span class='ocrx_word' id='word_1_287' title='bbox 263 2049 360 2090; x_wconf 84' lang='grc' dir='ltr'><strong><em>ποίῳ,</em></strong></span> <span class='ocrx_word' id='word_1_288' title='bbox 384 2050 506 2090; x_wconf 76' lang='grc' dir='ltr'><strong><em>καίπερ</em></strong></span> <span class='ocrx_word' id='word_1_289' title='bbox 530 2046 611 2080; x_wconf 77' lang='grc' dir='ltr'><strong><em>οὐδὲ</em></strong></span> <span class='ocrx_word' id='word_1_290' title='bbox 635 2050 848 2091; x_wconf 77' lang='grc' dir='ltr'><strong><em>φαινομένου</em></strong></span> <span class='ocrx_word' id='word_1_291' title='bbox 871 2048 931 2080; x_wconf 86' lang='grc' dir='ltr'><strong><em>τοῦ</em></strong></span> <span class='ocrx_word' id='word_1_292' title='bbox 952 2044 1111 2088; x_wconf 81' lang='grc' dir='ltr'><strong><em>τυχόντος</em></strong></span> <span class='ocrx_word' id='word_1_293' title='bbox 1134 2045 1297 2087; x_wconf 78' lang='grc' dir='ltr'><strong><em>δέχεσθαι</em></strong></span> <span class='ocrx_word' id='word_1_294' title='bbox 1312 2045 1349 2079; x_wconf 81' lang='grc' dir='ltr'><strong>τὸ</strong></span> <span class='ocrx_word' id='word_1_295' title='bbox 1366 2045 1479 2089; x_wconf 83' lang='grc' dir='ltr'><strong><em>τυχόν.</em></strong></span> <span class='ocrx_word' id='word_1_296' title='bbox 1514 2049 1613 2089; x_wconf 84' lang='lat' dir='ltr'><strong>Phys.</strong></span> <span class='ocrx_word' id='word_1_297' title='bbox 1635 2049 1680 2087; x_wconf 85' lang='lat'><strong>11,</strong></span> 
     </span>
     <span class='ocr_line' id='line_1_32' title="bbox 269 2097 1683 2144; baseline 0 -12"><span class='ocrx_word' id='word_1_298' title='bbox 269 2105 297 2133; x_wconf 90' lang='lat'><strong>7.</strong></span> <span class='ocrx_word' id='word_1_299' title='bbox 324 2104 384 2134; x_wconf 81' lang='lat'><strong>198</strong></span> <span class='ocrx_word' id='word_1_300' title='bbox 401 2101 421 2133; x_wconf 90' lang='lat' dir='ltr'><strong>b</strong></span> <span class='ocrx_word' id='word_1_301' title='bbox 436 2105 472 2133; x_wconf 77' lang='lat'><strong>7:</strong></span> <span class='ocrx_word' id='word_1_302' title='bbox 495 2102 554 2133; x_wconf 81' lang='grc' dir='ltr'><strong><em>καὶ</em></strong></span> <span class='ocrx_word' id='word_1_303' title='bbox 576 2102 606 2133; x_wconf 75' lang='grc' dir='ltr'><strong><em>εἰ</em></strong></span> <span class='ocrx_word' id='word_1_304' title='bbox 624 2102 738 2143; x_wconf 78' lang='grc' dir='ltr'><strong><em>μέλλει</em></strong></span> <span class='ocrx_word' id='word_1_305' title='bbox 762 2101 837 2133; x_wconf 76' lang='grc' dir='ltr'><strong><em>τοδὶ</em></strong></span> <span class='ocrx_word' id='word_1_306' title='bbox 858 2101 1009 2139; x_wconf 72' lang='grc' dir='ltr'><strong><em>ἔσεσθαι,</em></strong></span> <span class='ocrx_word' id='word_1_307' title='bbox 1033 2097 1146 2143; x_wconf 73' lang='grc' dir='ltr'><strong><em>ὥσπερ</em></strong></span> <span class='ocrx_word' id='word_1_308' title='bbox 1170 2099 1206 2132; x_wconf 74' lang='grc' dir='ltr'><strong>ἐκ</strong></span> <span class='ocrx_word' id='word_1_309' title='bbox 1228 2099 1296 2133; x_wconf 85' lang='grc' dir='ltr'><strong><em>τῶν</em></strong></span> <span class='ocrx_word' id='word_1_310' title='bbox 1320 2099 1517 2144; x_wconf 80' lang='grc' dir='ltr'><strong><em>προτάσεων</em></strong></span> <span class='ocrx_word' id='word_1_311' title='bbox 1540 2099 1576 2133; x_wconf 86' lang='grc' dir='ltr'><strong>τὸ</strong></span> <span class='ocrx_word' id='word_1_312' title='bbox 1600 2111 1683 2144; x_wconf 87' lang='grc' dir='ltr'><strong><em>συμ-</em></strong></span> 
     </span>
     <span class='ocr_line' id='line_1_33' title="bbox 248 2154 1682 2198; baseline -0.002 -9"><span class='ocrx_word' id='word_1_313' title='bbox 248 2157 435 2198; x_wconf 60' lang='grc' dir='ltr'><strong><em>,πέρασμα</em></strong></span> <span class='ocrx_word' id='word_1_314' title='bbox 483 2156 572 2194; x_wconf 71' lang='lat' dir='ltr'><strong>Quae</strong></span> <span class='ocrx_word' id='word_1_315' title='bbox 600 2156 668 2186; x_wconf 88' lang='lat' dir='ltr'><strong>noli</strong></span> <span class='ocrx_word' id='word_1_316' title='bbox 696 2165 768 2186; x_wconf 89' lang='lat' dir='ltr'><strong>cum</strong></span> <span class='ocrx_word' id='word_1_317' title='bbox 791 2154 936 2186; x_wconf 81' lang='lat' dir='ltr'><strong>Prantlio</strong></span> <span class='ocrx_word' id='word_1_318' title='bbox 968 2155 1170 2195; x_wconf 77' lang='lat' dir='ltr'><strong>interpretari</strong></span> <span class='ocrx_word' id='word_1_319' title='bbox 1201 2155 1236 2186; x_wconf 88' lang='lat' dir='ltr'><strong>in</strong></span> <span class='ocrx_word' id='word_1_320' title='bbox 1259 2155 1347 2187; x_wconf 87' lang='lat' dir='ltr'><strong>hunc</strong></span> <span class='ocrx_word' id='word_1_321' title='bbox 1369 2156 1512 2187; x_wconf 86' lang='lat' dir='ltr'><strong>modum:</strong></span> <span class='ocrx_word' id='word_1_322' title='bbox 1544 2157 1682 2194; x_wconf 85' lang='lat' dir='ltr'><strong>,Femer</strong></span> 
     </span>
     <span class='ocr_line' id='line_1_34' title="bbox 267 2208 1681 2247; baseline -0.002 -6"><span class='ocrx_word' id='word_1_323' title='bbox 267 2210 307 2241; x_wconf 93' lang='lat' dir='ltr'><strong>ob</strong></span> <span class='ocrx_word' id='word_1_324' title='bbox 330 2214 412 2241; x_wconf 77' lang='lat' dir='ltr'><strong>stwa</strong></span> <span class='ocrx_word' id='word_1_325' title='bbox 434 2210 538 2241; x_wconf 82' lang='lat' dir='ltr'><strong>dieses</strong></span> <span class='ocrx_word' id='word_1_326' title='bbox 561 2209 748 2240; x_wconf 84' lang='lat' dir='ltr'><strong>Bestimmte</strong></span> <span class='ocrx_word' id='word_1_327' title='bbox 771 2208 820 2239; x_wconf 81' lang='lat' dir='ltr'><strong>als</strong></span> <span class='ocrx_word' id='word_1_328' title='bbox 843 2209 895 2238; x_wconf 86' lang='lat' dir='ltr'><strong>ein</strong></span> <span class='ocrx_word' id='word_1_329' title='bbox 918 2208 1073 2239; x_wconf 79' lang='lat' dir='ltr'><strong>eintreten</strong></span> <span class='ocrx_word' id='word_1_330' title='bbox 1089 2208 1287 2239; x_wconf 82' lang='lat' dir='ltr'><strong>Werdendos</strong></span> <span class='ocrx_word' id='word_1_331' title='bbox 1310 2213 1375 2239; x_wconf 81' lang='lat' dir='ltr'><strong>erst</strong></span> <span class='ocrx_word' id='word_1_332' title='bbox 1396 2208 1597 2247; x_wconf 83' lang='lat' dir='ltr'><strong>bevorstehe,</strong></span> <span class='ocrx_word' id='word_1_333' title='bbox 1619 2209 1681 2238; x_wconf 82' lang='lat' dir='ltr'><strong>wie</strong></span> 
     </span>
     <span class='ocr_line' id='line_1_35' title="bbox 267 2261 1680 2300; baseline -0.001 -6"><span class='ocrx_word' id='word_1_334' title='bbox 267 2274 294 2294; x_wconf 79' lang='lat' dir='ltr'><strong>z.</strong></span> <span class='ocrx_word' id='word_1_335' title='bbox 310 2265 346 2294; x_wconf 91' lang='lat' dir='ltr'><strong>B.</strong></span> <span class='ocrx_word' id='word_1_336' title='bbox 377 2264 432 2294; x_wconf 81' lang='lat' dir='ltr'><strong>der</strong></span> <span class='ocrx_word' id='word_1_337' title='bbox 453 2263 655 2294; x_wconf 75' lang='lat' dir='ltr'><strong>Schlusssstz</strong></span> <span class='ocrx_word' id='word_1_338' title='bbox 684 2271 743 2292; x_wconf 72' lang='lat' dir='ltr'><strong>sus</strong></span> <span class='ocrx_word' id='word_1_339' title='bbox 772 2261 833 2292; x_wconf 85' lang='lat' dir='ltr'><strong>den</strong></span> <span class='ocrx_word' id='word_1_340' title='bbox 855 2261 1069 2294; x_wconf 55' lang='lat' dir='ltr'><strong>huminem!¹</strong></span> <span class='ocrx_word' id='word_1_341' title='bbox 1117 2262 1207 2300; x_wconf 80' lang='lat' dir='ltr'><strong>Quae</strong></span> <span class='ocrx_word' id='word_1_342' title='bbox 1235 2266 1341 2293; x_wconf 76' lang='lat' dir='ltr'><strong>autem</strong></span> <span class='ocrx_word' id='word_1_343' title='bbox 1370 2263 1484 2294; x_wconf 87' lang='lat' dir='ltr'><strong>horum</strong></span> <span class='ocrx_word' id='word_1_344' title='bbox 1512 2262 1680 2294; x_wconf 85' lang='lat' dir='ltr'><strong>verborum</strong></span> 
     </span>
     <span class='ocr_line' id='line_1_36' title="bbox 267 2313 1679 2356; baseline -0.002 -8"><span class='ocrx_word' id='word_1_345' title='bbox 267 2318 310 2348; x_wconf 79' lang='lat' dir='ltr'><strong>sit</strong></span> <span class='ocrx_word' id='word_1_346' title='bbox 332 2318 500 2355; x_wconf 73' lang='lat' dir='ltr'><strong>sententia,</strong></span> <span class='ocrx_word' id='word_1_347' title='bbox 523 2315 739 2356; x_wconf 74' lang='lat' dir='ltr'><strong>explicabitur</strong></span> <span class='ocrx_word' id='word_1_348' title='bbox 761 2325 791 2355; x_wconf 88' lang='lat' dir='ltr'><strong>p.</strong></span> <span class='ocrx_word' id='word_1_349' title='bbox 806 2319 856 2346; x_wconf 83' lang='lat'><strong>51.</strong></span> <span class='ocrx_word' id='word_1_350' title='bbox 900 2315 982 2345; x_wconf 80' lang='lat' dir='ltr'><strong>Plat.</strong></span> <span class='ocrx_word' id='word_1_351' title='bbox 1006 2315 1155 2355; x_wconf 83' lang='lat' dir='ltr'><strong>Sympos.</strong></span> <span class='ocrx_word' id='word_1_352' title='bbox 1180 2316 1295 2347; x_wconf 80' lang='lat' dir='ltr'>179D:</span> <span class='ocrx_word' id='word_1_353' title='bbox 1318 2313 1489 2356; x_wconf 76' lang='grc' dir='ltr'><strong><em>τοιγάρτοι</em></strong></span> <span class='ocrx_word' id='word_1_354' title='bbox 1504 2314 1561 2346; x_wconf 84' lang='grc' dir='ltr'><strong><em>διὰ</em></strong></span> <span class='ocrx_word' id='word_1_355' title='bbox 1577 2316 1679 2347; x_wconf 81' lang='grc' dir='ltr'><strong><em>ταῦτα</em></strong></span> 
     </span>
     <span class='ocr_line' id='line_1_37' title="bbox 267 2365 1681 2410; baseline 0 -10"><span class='ocrx_word' id='word_1_356' title='bbox 267 2369 364 2408; x_wconf 82' lang='grc' dir='ltr'><strong><em>δίκην</em></strong></span> <span class='ocrx_word' id='word_1_357' title='bbox 387 2367 477 2409; x_wconf 80' lang='grc' dir='ltr'><strong><em>αὐτῷ</em></strong></span> <span class='ocrx_word' id='word_1_358' title='bbox 500 2368 679 2408; x_wconf 72' lang='grc' dir='ltr'><strong><em>ἐπέθεσαν,</em></strong></span> <span class='ocrx_word' id='word_1_359' title='bbox 702 2368 760 2399; x_wconf 78' lang='grc' dir='ltr'><strong>καὶ</strong></span> <span class='ocrx_word' id='word_1_360' title='bbox 783 2367 946 2408; x_wconf 75' lang='grc' dir='ltr'><strong><em>ἐποίησαν</em></strong></span> <span class='ocrx_word' id='word_1_361' title='bbox 969 2365 1029 2400; x_wconf 85' lang='grc' dir='ltr'><strong><em>τὸν</em></strong></span> <span class='ocrx_word' id='word_1_362' title='bbox 1050 2366 1203 2401; x_wconf 80' lang='grc' dir='ltr'><strong><em>θάνατον</em></strong></span> <span class='ocrx_word' id='word_1_363' title='bbox 1226 2366 1329 2400; x_wconf 85' lang='grc' dir='ltr'><strong><em>αὐτοῦ</em></strong></span> <span class='ocrx_word' id='word_1_364' title='bbox 1354 2365 1420 2400; x_wconf 83' lang='grc' dir='ltr'><strong>ὑπὸ</strong></span> <span class='ocrx_word' id='word_1_365' title='bbox 1444 2368 1614 2410; x_wconf 81' lang='grc' dir='ltr'><strong><em>γυναικῶν</em></strong></span> <span class='ocrx_word' id='word_1_366' title='bbox 1628 2378 1681 2409; x_wconf 82' lang='grc' dir='ltr'><strong><em>γε·</em></strong></span> 
     </span>
     <span class='ocr_line' id='line_1_38' title="bbox 267 2418 1680 2465; baseline -0.001 -11"><span class='ocrx_word' id='word_1_367' title='bbox 267 2424 398 2461; x_wconf 77' lang='grc' dir='ltr'><strong><em>νέσθαι,</em></strong></span> <span class='ocrx_word' id='word_1_368' title='bbox 424 2419 487 2462; x_wconf 83' lang='grc' dir='ltr'><strong><em>οὐχ</em></strong></span> <span class='ocrx_word' id='word_1_369' title='bbox 509 2418 622 2464; x_wconf 81' lang='grc' dir='ltr'><strong><em>ὥσπερ</em></strong></span> <span class='ocrx_word' id='word_1_370' title='bbox 641 2419 791 2463; x_wconf 78' lang='grc' dir='ltr'><strong><em>Ἀχιλλέα</em></strong></span> <span class='ocrx_word' id='word_1_371' title='bbox 813 2419 872 2454; x_wconf 82' lang='grc' dir='ltr'><strong><em>τὸν</em></strong></span> <span class='ocrx_word' id='word_1_372' title='bbox 894 2421 950 2461; x_wconf 84' lang='grc' dir='ltr'><strong>τῆς</strong></span> <span class='ocrx_word' id='word_1_373' title='bbox 976 2420 1112 2457; x_wconf 79' lang='grc' dir='ltr'><strong><em>Θέτιδος</em></strong></span> <span class='ocrx_word' id='word_1_374' title='bbox 1139 2420 1216 2454; x_wconf 79' lang='grc' dir='ltr'><strong><em>υἱὸν</em></strong></span> <span class='ocrx_word' id='word_1_375' title='bbox 1239 2421 1400 2465; x_wconf 74' lang='grc' dir='ltr'><strong><em>ἐτίμησαν</em></strong></span> <span class='ocrx_word' id='word_1_376' title='bbox 1423 2422 1480 2453; x_wconf 80' lang='grc' dir='ltr'><strong>καὶ</strong></span> <span class='ocrx_word' id='word_1_377' title='bbox 1502 2422 1547 2456; x_wconf 76' lang='grc' dir='ltr'><strong><em>εἰς</em></strong></span> <span class='ocrx_word' id='word_1_378' title='bbox 1567 2418 1680 2463; x_wconf 82' lang='grc' dir='ltr'><strong><em>μακά-</em></strong></span> 
     </span>
     <span class='ocr_line' id='line_1_39' title="bbox 258 2472 1679 2520; baseline -0.002 -12"><span class='ocrx_word' id='word_1_379' title='bbox 258 2487 337 2520; x_wconf 67' lang='grc' dir='ltr'><strong><em>ρων</em></strong></span> <span class='ocrx_word' id='word_1_380' title='bbox 357 2473 480 2516; x_wconf 81' lang='grc' dir='ltr'><strong><em>νήσους</em></strong></span> <span class='ocrx_word' id='word_1_381' title='bbox 500 2472 722 2518; x_wconf 78' lang='grc' dir='ltr'><strong><em>ἀπέπεμψαν.</em></strong></span> <span class='ocrx_word' id='word_1_382' title='bbox 760 2476 811 2507; x_wconf 86' lang='lat' dir='ltr'><strong>Ad</strong></span> <span class='ocrx_word' id='word_1_383' title='bbox 832 2485 914 2515; x_wconf 82' lang='lat' dir='ltr'><strong>quae</strong></span> <span class='ocrx_word' id='word_1_384' title='bbox 937 2476 1036 2507; x_wconf 73' lang='lat' dir='ltr'><strong>verba</strong></span> <span class='ocrx_word' id='word_1_385' title='bbox 1058 2478 1227 2508; x_wconf 80' lang='lat' dir='ltr'><strong>verissime</strong></span> <span class='ocrx_word' id='word_1_386' title='bbox 1243 2475 1474 2506; x_wconf 77' lang='lat' dir='ltr'><strong>Stallbaumius</strong></span> <span class='ocrx_word' id='word_1_387' title='bbox 1491 2475 1679 2513; x_wconf 73' lang='lat' dir='ltr'><strong>„Notabis“,</strong></span> 
     </span>
     <span class='ocr_line' id='line_1_40' title="bbox 261 2525 1681 2572; baseline -0.001 -10"><span class='ocrx_word' id='word_1_388' title='bbox 261 2532 329 2570; x_wconf 75' lang='lat' dir='ltr'><strong>ait,</strong></span> <span class='ocrx_word' id='word_1_389' title='bbox 362 2529 671 2570; x_wconf 74' lang='lat' dir='ltr'><strong>,breviloquentiam</strong></span> <span class='ocrx_word' id='word_1_390' title='bbox 701 2540 774 2571; x_wconf 85' lang='lat' dir='ltr'><strong>pro:</strong></span> <span class='ocrx_word' id='word_1_391' title='bbox 807 2526 880 2560; x_wconf 80' lang='grc' dir='ltr'><strong><em>ἀλλ’</em></strong></span> <span class='ocrx_word' id='word_1_392' title='bbox 907 2525 968 2560; x_wconf 77' lang='grc' dir='ltr'><strong><em>οὐκ</em></strong></span> <span class='ocrx_word' id='word_1_393' title='bbox 998 2527 1160 2572; x_wconf 73' lang='grc' dir='ltr'><strong><em>ἐτίμησαν</em></strong></span> <span class='ocrx_word' id='word_1_394' title='bbox 1187 2526 1290 2560; x_wconf 82' lang='grc' dir='ltr'><strong><em>αὐτὸν</em></strong></span> <span class='ocrx_word' id='word_1_395' title='bbox 1318 2525 1430 2571; x_wconf 79' lang='grc' dir='ltr'><strong><em>ὥσπερ</em></strong></span> <span class='ocrx_word' id='word_1_396' title='bbox 1449 2526 1610 2569; x_wconf 79' lang='grc' dir='ltr'><strong><em>Ἀχιλλέα,</em></strong></span> <span class='ocrx_word' id='word_1_397' title='bbox 1640 2525 1681 2561; x_wconf 77' lang='grc' dir='ltr'><strong><em>ὃν</em></strong></span> 
     </span>
     <span class='ocr_line' id='line_1_41' title="bbox 268 2574 1681 2626; baseline -0.002 -10"><span class='ocrx_word' id='word_1_398' title='bbox 268 2585 324 2616; x_wconf 81' lang='grc' dir='ltr'><strong><em>καὶ</em></strong></span> <span class='ocrx_word' id='word_1_399' title='bbox 341 2585 387 2619; x_wconf 69' lang='grc' dir='ltr'><strong><em>εἷς</em></strong></span> <span class='ocrx_word' id='word_1_400' title='bbox 400 2580 564 2626; x_wconf 81' lang='grc' dir='ltr'><strong><em>μακάρων</em></strong></span> <span class='ocrx_word' id='word_1_401' title='bbox 580 2579 702 2623; x_wconf 81' lang='grc' dir='ltr'><strong><em>νήσους</em></strong></span> <span class='ocrx_word' id='word_1_402' title='bbox 718 2574 960 2625; x_wconf 69' lang='grc' dir='ltr'><strong><em>ιῖπέπεμψαν.·“’</em></strong></span> <span class='ocrx_word' id='word_1_403' title='bbox 996 2583 1059 2615; x_wconf 89' lang='lat' dir='ltr'><strong>Cui</strong></span> <span class='ocrx_word' id='word_1_404' title='bbox 1075 2585 1146 2615; x_wconf 85' lang='lat' dir='ltr'><strong>loco</strong></span> <span class='ocrx_word' id='word_1_405' title='bbox 1162 2584 1256 2614; x_wconf 90' lang='lat' dir='ltr'><strong>homo</strong></span> <span class='ocrx_word' id='word_1_406' title='bbox 1273 2583 1478 2613; x_wconf 81' lang='lat' dir='ltr'><strong>doctissimus</strong></span> <span class='ocrx_word' id='word_1_407' title='bbox 1494 2582 1681 2622; x_wconf 82' lang='lat' dir='ltr'><strong>adscripsit:</strong></span> 
     </span>
     <span class='ocr_line' id='line_1_42' title="bbox 271 2631 1681 2679; baseline -0.002 -10"><span class='ocrx_word' id='word_1_408' title='bbox 271 2638 418 2679; x_wconf 76' lang='lat' dir='ltr'><strong>Sympos.</strong></span> <span class='ocrx_word' id='word_1_409' title='bbox 445 2637 551 2669; x_wconf 81' lang='lat'>1890:</span> <span class='ocrx_word' id='word_1_410' title='bbox 582 2635 657 2679; x_wconf 69' lang='grc' dir='ltr'><strong><em>ἐμοὶ</em></strong></span> <span class='ocrx_word' id='word_1_411' title='bbox 689 2636 850 2670; x_wconf 81' lang='grc' dir='ltr'><strong><em>δοκοῦσιν</em></strong></span> <span class='ocrx_word' id='word_1_412' title='bbox 881 2633 1057 2679; x_wconf 76' lang='grc' dir='ltr'><strong><em>ἅνθρωποι</em></strong></span> <span class='ocrx_word' id='word_1_413' title='bbox 1082 2653 1121 2660; x_wconf 84' lang='grc'><strong>-</strong></span> <span class='ocrx_word' id='word_1_414' title='bbox 1147 2637 1268 2672; x_wconf 71' lang='grc' dir='ltr'><strong><em>θυσίας</em></strong></span> <span class='ocrx_word' id='word_1_415' title='bbox 1296 2631 1339 2668; x_wconf 78' lang='grc' dir='ltr'><strong><em>ιῗν</em></strong></span> <span class='ocrx_word' id='word_1_416' title='bbox 1368 2637 1479 2667; x_wconf 87' lang='grc' dir='ltr'><strong><em>ποιεῖν</em></strong></span> <span class='ocrx_word' id='word_1_417' title='bbox 1508 2636 1681 2677; x_wconf 74' lang='grc' dir='ltr'><strong><em>μεγίστας,</em></strong></span> 
     </span>
    </p>
   </div>
   <div class='ocr_carea' id='block_1_5' title="bbox 1692 2192 1711 2212">
    <p class='ocr_par' dir='ltr' id='par_1_5' title="bbox 1692 2192 1711 2212">
     <span class='ocr_line' id='line_1_43' title="bbox 1692 2192 1711 2212; baseline 0 0"><span class='ocrx_word' id='word_1_418' title='bbox 1692 2192 1711 2212; x_wconf 70' lang='lat'><em>0</em></span> 
     </span>
    </p>
   </div>
  </div>
 </body>
</html>
