1837 3017
767 194 1014 233 „77-

189 298 347 354 quidem
372 299 611 354 cogitatione
641 298 742 339 actio
765 298 962 353 cogitandi
981 306 1021 340 et
1038 299 1077 340 id
1096 300 1201 355 quod
1220 300 1416 355 cogitatur
1434 315 1591 354 prorsus

186 368 226 408 in
253 381 374 408 unum
402 368 650 417 coaluerunt,
688 366 758 414 ita,
778 373 822 407 ut
860 367 1043 421 cogitatio
1077 367 1125 408 ad
1152 374 1276 408 semet
1303 367 1429 422 ipsam
1456 369 1592 409 redeat

187 441 305 488 atque
332 435 383 475 sit
411 435 658 488 cogitationis
687 434 884 488 cogitatio.

288 502 346 543 Ut
390 502 640 542 absolvamus
684 499 880 541 difficilem
927 501 1134 542 admodum
1177 503 1224 543 de
1265 504 1404 544 mentis
1449 504 1592 555 cogita·

185 569 292 608 tione
311 569 453 608 suimet
469 569 590 622 ipsius
610 567 842 617 doctrinam,
870 582 997 620 pauca
1016 569 1194 607 addenda
1212 577 1312 609 sunt.
1359 570 1591 609 Aristoteles

185 634 436 697 obiectorum,
465 635 515 674 ad
544 648 645 688 quae
674 634 815 673 mentis
835 633 936 673 actio
964 634 1168 687 pertineat,
1198 635 1273 675 duo
1291 649 1439 689 genera
1458 637 1591 676 distin—

184 701 332 753 gu1t¹)‚
366 692 532 755 quorum
560 702 724 741 alterum
756 701 1028 755 complectitur
1055 716 1101 741 ea
1128 716 1226 754 quae
1254 703 1415 743 materia
1443 712 1589 754 carent,

183 783 235 809 τα
266 763 361 810 ἄνευ
389 766 506 823 ὕλης,
542 768 708 809 alterum
736 784 797 810 res
826 773 1042 809 concretas.
1096 768 1184 809 Hae
1211 770 1483 822 intellegibiles
1511 786 1589 811 non

185 843 277 876 sunt
296 837 369 877 nisi
389 836 565 891 potentia
577 836 622 889 ²).
660 837 817 877 Etenim
837 850 915 876 non
934 836 1043 889 ipsae
1063 844 1154 876 sunt
1171 837 1432 889 intellegentis
1451 840 1590 879 mentis

185 904 352 955 obiecta,
383 905 451 945 sed
479 905 628 944 formae
647 911 765 957 atque
784 903 1037 954 substantiae,
1066 917 1167 956 quae
1185 904 1329 944 insunt.
1371 899 1588 958 Cogitando

183 979 313 1012 autem
338 985 448 1012 mens
468 986 531 1012 res
551 973 599 1012 ad
619 985 756 1011 veram
775 985 821 1011 ac
840 970 1065 1024 primariam
1085 977 1261 1010 naturam
1282 971 1449 1023 reducit3
1470 986 1590 1012 remo-

185 1046 251 1078 vet
280 1040 380 1078 enim
411 1053 668 1093 quaecunque
695 1053 767 1092 per
794 1038 974 1078 accidens
1007 1045 1098 1078 sunt
1126 1046 1244 1091 atque
1269 1039 1309 1078 in
1339 1041 1501 1079 materia
1527 1055 1590 1093 po-

184 1096 276 1155 sita,
314 1119 444 1159 neque
479 1107 664 1159 relinquit
696 1105 769 1144 nisi
804 1106 908 1158 quod
941 1105 1205 1145 necessarium
1238 1112 1297 1145 est
1329 1112 1367 1144 et
1395 1114 1588 1145 constans.

181 1170 323 1225 Itaque
366 1172 694 1226 quemadmodum
736 1173 996 1212 instrumenta
1036 1187 1107 1224 per
1148 1187 1306 1211 manum
1346 1172 1499 1212 demum
1538 1175 1586 1212 ad

181 1252 292 1278 suam
318 1239 398 1279 vim
427 1240 680 1292 perveniunt,
714 1240 768 1279 ita
801 1239 952 1279 formae
988 1252 1059 1291 per
1086 1238 1255 1279 mentem
1286 1240 1447 1293 eiusque
1475 1240 1588 1280 actio-

180 1319 270 1344 nem
310 1321 419 1346 suam
457 1322 504 1346 ac
538 1307 762 1360 primariam
792 1313 969 1363 naturam
1006 1307 1328 1358 adipiscuntur³).
1384 1307 1482 1346 Cum
1515 1307 1583 1346 tali

180 1373 331 1413 ratione
359 1387 469 1414 mens
496 1387 607 1414 suam
633 1373 755 1427 ipsius
782 1372 953 1413 indolem
980 1372 1098 1412 rebus
1127 1374 1238 1426 quasi
1271 1373 1390 1423 indat,
1420 1388 1485 1414 eas
1513 1373 1586 1413 sibi

181 1440 323 1481 subicit
355 1448 473 1495 atque
501 1456 635 1481 earum
662 1441 807 1481 formas
836 1440 1054 1490 constituit,
1088 1440 1143 1480 ita
1170 1447 1213 1480 ut
1238 1440 1315 1481 iam
1344 1455 1437 1481 suae
1464 1441 1586 1494 ipsius

181 1508 259 1547 sint
285 1508 482 1560 notiones3
513 1523 590 1562 quo
609 1509 715 1548 facto
734 1508 803 1548 ubi
822 1521 890 1547 eas
909 1507 1069 1560 cogitat,
1097 1508 1243 1561 cogitat
1261 1515 1385 1548 semet
1402 1508 1527 1562 ipsam
1538 1509 1586 1560 ⁴).

179 1575 247 1617 Sic
274 1591 338 1617 res
366 1577 659 1618 mathematicas
679 1579 802 1616 'mens
831 1589 853 1615 e
879 1577 995 1616 rebus
1029 1576 1222 1617 concretis
1257 1582 1376 1629 atque
1410 1589 1460 1616 ex
1494 1576 1588 1630 ipsis

181 1644 450 1696 experientiae
484 1644 626 1683 finibus
663 1644 822 1697 repetit3
863 1643 1123 1683 abstrahendo
1158 1643 1261 1683 enim
1299 1643 1411 1696 fingit
1446 1658 1587 1697 corpus

179 1711 511 1762 mathematicum,
549 1712 760 1764 planitiem,
796 1711 950 1761 lineam,
980 1717 1180 1764 punctum.
1234 1710 1396 1750 Minime
1424 1725 1517 1751 vero
1545 1713 1585 1752 in

177 1778 224 1817 iis
265 1792 366 1831 quae
409 1778 477 1817 tali
511 1778 625 1818 modo
660 1778 734 1818 sibi
768 1778 1013 1832 comparavit
1040 1777 1269 1831 acquiescit,
1304 1778 1422 1818 immo
1457 1778 1533 1818 iam
1563 1793 1584 1818 e

179 1852 324 1899 puncto
365 1845 511 1899 figuras
551 1846 847 1886 mathematicas
889 1845 997 1885 ducit
1042 1852 1159 1899 atque
1199 1845 1285 1900 ipsa
1324 1846 1585 1900 necessariam

179 1926 313 1952 eorum
342 1912 421 1953 vim
450 1920 567 1966 atque
586 1921 765 1954 naturam
785 1919 978 1968 procreat.
1020 1913 1159 1965 Itaque
1178 1913 1406 1954 Aristoteles
1426 1915 1584 1954 minime

178 1994 312 2020 secum
339 1987 500 2034 pugnat,
529 1982 634 2035 quod
661 1982 940 2038 mathematica
964 1979 1016 2021 τὰ
1043 1979 1088 2028 ἐξ
1104 1976 1374 2034 ἀφαιρέσεως,
1406 1983 1441 2022 b.
1461 1996 1495 2022 e.
1523 1982 1587 2022 ab·

180 2048 390 2088 strabendo
419 2063 442 2089 a
469 2055 598 2089 mente
633 2050 773 2090 effecta
801 2063 942 2089 vocare
970 2049 1085 2099 solet,
1123 2053 1162 2087 et
1189 2054 1322 2089 tamen
1348 2050 1483 2103 Topic.
1514 2050 1584 2101 VI,

273 2237 293 2276 ¹)
316 2238 364 2268 De
387 2238 484 2268 anim.
508 2238 568 2275 111,
592 2240 621 2268 4.
646 2240 706 2269 430
724 2248 743 2268 a
759 2240 856 2278 3sqq.

270 2292 292 2330 ²)
315 2292 351 2322 L.
375 2292 396 2322 1.
420 2292 478 2329 111,
501 2294 530 2322 4.
555 2293 616 2322 430
633 2301 652 2321 a
668 2292 700 2322 6:
726 2290 763 2322 ἐν
785 2289 823 2322 δὲ
845 2292 911 2324 τοῖς
934 2288 1072 2330 ἔχουσιν
1094 2288 1175 2330 ὓλην
1196 2289 1338 2334 δυνάμει
1360 2290 1500 2325 ἕκαστόν
1515 2292 1583 2324 ἐστι

176 2345 242 2378 τῶν
263 2346 400 2385 νοητῶν.

266 2399 290 2439 ³)
314 2401 349 2431 L.
372 2400 394 2433 l.
416 2399 475 2437 111,
499 2400 527 2431 8.
551 2401 612 2431 432
629 2410 648 2430 a
666 2401 701 2429 l:
731 2395 814 2430 ὥστε
836 2395 855 2437 ἡ
877 2396 970 2439 ψυχὴ
993 2395 1107 2440 ὥσπερ
1130 2397 1148 2438 ἡ
1167 2400 1242 2440 χείρ
1266 2398 1371 2431 ἐστιν·
1395 2400 1452 2430 καὶ
1473 2397 1539 2442 γὰρ
1561 2396 1580 2438 ἡ

171 2452 246 2494 χεὶρ
276 2447 425 2495 ὄργανόν
455 2451 544 2483 ἐστιν
571 2449 742 2494 ὀργάνων,
772 2451 828 2482 καὶ
855 2449 872 2482 ὁ
901 2452 981 2487 νοῦς
1008 2451 1097 2488 εἶδος
1125 2451 1234 2485 εἰδῶν.
1278 2454 1492 2493 Bernaysius,
1522 2453 1583 2483 Die

176 2506 312 2547 Dialage
334 2506 363 2539 d.
387 2507 516 2537 Aristot.
542 2516 571 2546 p.
589 2510 641 2546 25,
665 2504 753 2540 εἶδος
774 2504 874 2538 εἰδῶν
896 2506 1137 2548 interpretatum
1167 2507 1251 2545 ,Der
1273 2507 1430 2547 lnbegriff
1448 2506 1502 2537 der
1524 2507 1582 2537 Be-

178 2560 301 2599 griffe,‘
325 2570 419 2600 quam
441 2560 733 2599 interpretationem
755 2569 814 2590 nos
836 2559 970 2599 probare
991 2571 1057 2593 non
1078 2570 1258 2601 possumus.

264 2614 349 2653 ⁴),L.
369 2614 392 2645 1.
416 2614 479 2652 111,
505 2615 535 2643 6.
559 2615 621 2645 430
637 2613 658 2645 b
676 2616 730 2645 24:
768 2613 798 2645 εἰ
826 2611 867 2644 δέ
891 2623 955 2644 τινι
985 2610 1032 2656 μή
1060 2613 1149 2647 ἐστιν
1176 2613 1329 2646 ἐναντίον
1356 2613 1422 2646 τῶν
1453 2614 1580 2653 αἰτίων,

180 2664 259 2700 αὐτὸ
283 2666 380 2700 ἑαυτὸ
403 2663 581 2710 γιγνώσκει
604 2668 661 2699 καὶ
675 2666 826 2710 ἐνεργείᾳ
849 2666 921 2699 ἐστί
940 2669 998 2699 καὶ
1015 2665 1192 2711 χωριστόν.
