1837 3017
836 180 1095 221 ..84-

251 299 329 338 quo
380 291 532 326 careret
548 285 590 338 ¹).
657 285 790 326 Nihilo
833 299 926 325 vero
977 293 1084 326 caret
1130 286 1247 334 deus,
1302 300 1391 327 cum
1440 288 1525 341 ipse
1569 288 1667 328 fines

251 359 443 405 procreet.
638 344 645 353 ’
1369 350 1373 357 ’
1497 358 1501 367 ’

355 420 486 458 Movet
514 426 644 459 autem
675 421 782 470 deus,
812 435 897 460 cum
928 419 1011 473 ipse
1031 434 1108 459 non
1129 428 1354 472 moveatur3
1384 422 1488 475 quod
1517 430 1666 463 tantum

252 488 383 536 abest,
429 493 472 526 ut
504 487 608 540 apud
646 488 900 527 Aristotelem
935 487 1132 536 miremur,
1179 494 1222 526 ut
1260 491 1422 540 egregie
1461 503 1548 529 cuni
1584 491 1666 529 eius

251 553 427 592 doctrina
457 562 660 607 congruat.
717 555 873 594 Etenim
901 568 986 593 cum
1024 554 1320 608 unumquidque
1355 555 1460 609 quod
1488 563 1668 596 movetur

251 637 300 662 ex
330 622 554 663 Aristotelis
590 623 784 662 sententia
818 622 992 674 requirat
1027 622 1192 661 alterum
1224 623 1327 676 quod
1356 630 1533 674 moveat,
1569 638 1668 664 sum·

249 706 357 730 mum
391 691 573 730 motionis
610 690 852 744 principium·
883 704 960 729 non
1007 689 1155 728 moveri
1199 705 1358 743 prorsus
1395 698 1454 731 est
1491 706 1665 731 necesse.

249 758 393 811 Neque
421 758 521 797 ratio
549 757 749 797 Aristoteli
780 758 852 796 hoc
890 757 1077 811 placitum
1113 758 1346 811 impugnare
1375 758 1540 808 videtur,
1578 774 1666 799 cum

251 832 380 865 motus
409 840 487 864 non
515 825 554 864 in
585 839 630 863 eo
658 824 750 863 insit
779 825 882 877 quod
913 833 1090 883 moveat,
1128 825 1195 864 sed
1235 825 1272 863 in
1303 839 1349 864 eo
1378 826 1483 879 quod
1512 840 1668 865 movea-

250 893 369 944 tur²).
424 894 634 932 Praeterea
677 892 837 931 motioni
876 906 899 931 a
934 893 1006 932 deo
1047 893 1308 946 proficiscenti
1352 894 1532 932 conferre
1574 894 1668 933 licet

251 960 443 999 rationein
465 973 541 1012 qua
567 959 709 1009 anima,
740 959 993 999 Aristotelem
1018 959 1049 998 si
1070 959 1281 1013 sequimur,
1311 960 1493 1000 animalia
1520 965 1664 1000 movet.

250 1027 363 1066 Haec
393 1027 496 1066 enim
525 1026 650 1066 omnis
670 1032 798 1066 motus
821 1027 1030 1066 voluntarii
1062 1034 1121 1067 est
1149 1027 1396 1080 principium,
1426 1042 1665 1081 quamquam

248 1095 333 1147 ipsa
360 1108 439 1133 non
468 1100 647 1133 movetur
660 1093 704 1145 ³).
761 1094 902 1146 Neque
939 1094 1052 1133 aliter
1086 1094 1126 1133 in
1161 1094 1278 1133 rebus
1312 1101 1476 1134 naturae
1512 1094 1667 1134 orienti·

248 1161 320 1200 bus
349 1168 388 1200 et
417 1161 684 1200 crescentibus
712 1168 926 1214 operantur
954 1162 1114 1210 formae,
1143 1176 1230 1201 cum
1257 1163 1458 1202 materiam
1480 1168 1667 1201 moveant

247 1243 294 1267 ac
323 1228 474 1281 fingant
510 1228 694 1267 immotae
729 1228 852 1281 ipsae.
909 1229 1042 1280 Atque
1077 1228 1223 1281 pariter
1258 1229 1443 1281 cogitatio
1473 1241 1575 1281 quae
1605 1234 1665 1268 est

247 1295 473 1346 efficienda,
503 1296 541 1335 h.
562 1309 596 1335 e.
626 1296 735 1336 cuius
770 1296 967 1337 obiectum
1004 1295 1216 1348 appetibile
1250 1296 1343 1348 quid
1379 1303 1461 1346 est,
1494 1296 1554 1335 vis
1592 1303 1663 1345 est,

248 1377 349 1415 quae
378 1362 469 1401 dum
498 1363 584 1415 ipsa
612 1377 688 1402 non
718 1370 910 1413 movetur,
941 1362 1117 1415 corporis
1146 1369 1293 1401 motum
1323 1364 1486 1401 suscitat
1515 1377 1559 1401 ac
1587 1378 1664 1402 mo-

248 1429 407 1469 deratur
421 1430 467 1481 ⁴).
524 1430 657 1470 Veluti
688 1431 718 1469 si
748 1431 835 1484 quis
864 1430 1019 1471 domum
1049 1429 1257 1469 aedificare
1286 1430 1380 1479 vult,
1410 1430 1577 1483 primum
1606 1437 1665 1470 est

245 1499 352 1536 notio
390 1497 451 1544 (τὸ
481 1492 607 1549 εἶδος)
647 1498 802 1547 domus3
838 1498 934 1536 haec
963 1503 1021 1535 est
1058 1495 1105 1535 τὸ
1134 1494 1276 1549 νοητόν
1305 1498 1536 1551 eademque,
1573 1511 1665 1551 qua-

247 1571 361 1603 tenus
384 1566 433 1603 ad
456 1566 635 1603 effectum
660 1579 745 1603 eam
773 1565 966 1603 adducere
986 1565 1175 1614 volumus,
1199 1572 1258 1604 est
1277 1563 1324 1604 τό
1346 1561 1521 1618 ὀρεκτόν.
1551 1566 1664 1604 Haec

336 1739 356 1776 ¹)
382 1738 430 1769 Cf.
455 1739 525 1769 Eth.
550 1739 575 1769 1.
607 1739 742 1779 append.
774 1749 802 1779 p.
821 1742 861 1770 74
892 1739 939 1771 ed.
970 1740 1061 1770 Paul.
1109 1740 1164 1777 ,Si
1192 1739 1270 1770 deus
1300 1745 1427 1780 propter
1455 1739 1550 1770 finem
1581 1740 1661 1781 agit,

241 1792 366 1832 aliquid
388 1795 569 1824 necessario
593 1795 724 1833 appetit,
750 1803 813 1833 quo
836 1795 953 1825 caret.“

334 1846 355 1884 ²)
381 1848 428 1877 De
452 1848 548 1879 anim.
572 1848 635 1885 111,
661 1849 690 1877 2.
715 1849 777 1877 426
795 1856 812 1877 a
829 1849 863 1876 2:
893 1847 923 1878 εἰ
950 1844 982 1876 ‹5'
1010 1846 1100 1878 ἔστιν
1128 1844 1146 1886 ἡ
1168 1848 1295 1886 κίνησις
1323 1847 1380 1878 καὶ
1403 1845 1421 1887 ἡ
1446 1851 1578 1887 ποίησις
1606 1848 1662 1879 καὶ

241 1898 277 1930 τὸ
304 1896 414 1934 πάθος
438 1899 473 1931 ἔν
497 1901 541 1939 τῷ
565 1901 769 1941 ποιουμένῳ,
794 1897 923 1939 ἀνάγκη
948 1901 1004 1930 καὶ
1028 1899 1085 1930 τὸν
1103 1897 1222 1940 ψόφον
1239 1901 1295 1930 καὶ
1312 1899 1369 1938 τὴν
1386 1898 1491 1940 ἀκοὴν
1506 1899 1565 1941 τὴν
1581 1897 1656 1932 κατ’

243 1952 415 1993 ἐνέργειαν
445 1953 480 1983 ἐν
507 1954 544 1995 τῇ
576 1951 660 1984 κατὰ
691 1950 839 1994 δύναμιν
870 1951 965 1983 εἶναι·
997 1948 1104 1994 ἡγὰρ
1127 1953 1187 1984 τοῦ
1212 1954 1387 1991 ποιητικοῦ
1410 1956 1467 1985 καὶ
1491 1955 1660 1994 κινητικοῦ

243 2006 393 2047 ἐνέργεια
418 2006 454 2038 ἓν
476 2007 521 2046 τῷ
545 2003 709 2047 πάσχοντι
734 2001 987 2048 ἐγγίνεται-’διὸ
1014 2005 1077 2038 οὐκ
1101 2006 1231 2048 ἀνάγκη
1255 2007 1290 2038 τὸ
1316 2008 1432 2040 κινοῦν
1455 2011 1633 2041 κινεῖσθαι.

333 2060 356 2099 ·’)
380 2061 416 2092 L.
445 2061 466 2090 l.
497 2061 543 2097 11,
574 2063 602 2090 4.
633 2064 693 2092 415
714 2062 786 2093 b9:
817 2059 942 2102 ὁμοίοις
972 2057 1004 2090 ‹5‘
1038 2057 1057 2099 ἡ
1081 2058 1172 2101 ψυχὴ
1201 2058 1285 2091 κατὰ
1316 2059 1390 2096 τοὺς
1418 2060 1661 2103 διωρισμένους

241 2112 389 2155 τρόπους
411 2115 496 2153 τρεῖς
520 2114 620 2143 αἰτία·
645 2116 700 2144 καὶ
723 2113 789 2155 γὰρ
814 2111 896 2145 ὅθεν
922 2110 1082 2152 ἡκίνησις
1106 2111 1187 2152 αὐτή
1211 2119 1242 2145 et
1266 2125 1348 2154 quae
1371 2119 1559 2154 sequuntur,
1584 2116 1657 2146 coll.

241 2169 266 2206 1,
290 2171 320 2197 4.
345 2170 407 2198 408
425 2167 444 2197 b
465 2168 519 2196 15:
543 2166 639 2196 τοῦτο
665 2166 701 2197 δὲ
723 2166 770 2209 μὴ
787 2165 830 2201 ὠς
847 2167 883 2198 ἔν
900 2166 1008 2209 ἐκείνῃ
1031 2167 1086 2206 τῆς
1109 2164 1268 2206 κινήσεως
1292 2164 1402 2207 οὔσης,
1426 2165 1498 2198 ἀλλ’
1517 2164 1571 2199 ὁτὲ
1593 2167 1659 2210 μὲν

242 2222 341 2263 μέχρι
373 2220 498 2260 ἐκείνης
527 2218 581 2251 ὁτὲ
613 2218 646 2250 ‹5‘
673 2217 734 2250 ἀπ’
760 2220 895 2261 ἐκείνης.
943 2221 967 2260 1,
993 2225 1021 2253 4.
1046 2222 1108 2252 408
1125 2221 1146 2252 b
1164 2223 1221 2253 30:
1252 2218 1299 2253 ὅτι
1324 2221 1389 2263 μὲν
1414 2217 1474 2253 οὖν
1498 2220 1562 2263 οὐχ
1586 2217 1659 2254 οἶόν

240 2285 272 2306 τε
297 2277 462 2307 κινεῖσθαι
488 2273 547 2314 τὴν
570 2271 695 2315 ψυχήν,
719 2274 871 2317 φανερὸν
894 2275 930 2306 ἐκ
954 2273 1089 2307 τούτων·
1114 2276 1144 2306 εἰ
1159 2274 1193 2305 (5⁸
1212 2273 1296 2310 ὅλως
1311 2275 1358 2318 μὴ
1382 2278 1531 2315 κινεΐται,
1555 2276 1659 2316 δῆλον

241 2327 285 2363 ὠς
309 2327 385 2359 οὐδ’
412 2327 475 2371 ὑφ’
502 2328 628 2369 ἑαυτῆς.

328 2382 354 2423 ⁴)
378 2383 414 2413 L.
437 2383 457 2413 l.
481 2384 538 2422 ΙΙΙ,
567 2386 614 2415 10.
639 2385 701 2414 433
718 2383 738 2414 b
761 2386 810 2415 10:
835 2382 912 2415 εἴδει
936 2382 1001 2426 μὲν
1024 2381 1061 2414 ἓν
1085 2379 1127 2413 ἂν
1150 2383 1198 2422 εἴη
1215 2382 1250 2414 τὸ
1268 2384 1394 2422 κινοῦν,
1418 2382 1452 2415 τὸ
1471 2382 1656 2426 ὀρεκτικόν,

241 2429 260 2478 ᾗ
283 2434 468 2477 ὀρεκτικόν,
497 2438 631 2477 πρῶτον
657 2437 693 2467 δὲ
718 2434 853 2468 πάντων
876 2435 911 2467 τὸ
936 2434 1088 2475 ὀρεκτόν,
1118 2435 1232 2475 (τοῦτο
1260 2435 1326 2477 γὰρ
1362 2440 1449 2468 κινεῖ
1477 2435 1517 2468 οὐ
1547 2435 1657 2469 κινού-

236 2500 343 2532 μενον
365 2490 411 2530 τῷ
435 2490 597 2529 νοηθῆναι
615 2486 634 2529 ἢ
651 2490 918 2531 φαντασθῆναι),
942 2486 1078 2532 ἀριθμῷ
1102 2487 1139 2519 δὲ
1164 2490 1265 2519 πλείω
1289 2488 1328 2520 πιὶ
1345 2490 1516 2522 κινοῦντα.
1539 2487 1654 2529 ἐπειδὴ

239 2543 271 2574 δ’
297 2543 367 2575 ἐστὶ
391 2546 481 2584 τρία,
506 2543 541 2576 ἓν
564 2543 630 2585 μὲν
653 2543 689 2574 τὸ
715 2544 840 2582 κινοῦν,
864 2540 1020 2584 δεύτερον
1045 2539 1079 2573 ‹5'
1106 2533 1132 2583 ᾧ
1155 2544 1258 2581 κινεῖ,
1283 2542 1327 2574 ἔτι
1351 2545 1463 2585 τρίτον
1485 2541 1521 2575 τὸ
1545 2540 1655 2574 κινού-

238 2606 353 2637 μενον·
381 2596 417 2628 τὸ
448 2597 484 2628 δὲ
515 2598 632 2629 κινοῦν
657 2594 779 2634 διττόν,
808 2595 844 2628 τὸ
867 2596 933 2638 μὲν
956 2594 1127 2635 ἀκίνητον,
1156 2594 1192 2626 τὸ
1218 2594 1254 2627 δὲ
1278 2597 1394 2628 κινοῦν
1418 2598 1474 2627 καὶ
1497 2593 1654 2638 κινούμε-

238 2660 307 2683 νον·
333 2649 403 2683 ἐστὶ
425 2650 462 2682 δὲ
485 2649 521 2683 τὸ
545 2650 610 2694 μὲν
633 2648 790 2692 ἀκίνητον
814 2648 849 2683 τὸ
875 2647 1026 2692 πρακτὸν
1051 2645 1186 2691 ἀγαθόν
1207 2654 1237 2680 et
1260 2660 1341 2692 quae
1365 2654 1555 2691 sequuntur.
