1837 3017
798 176 1049 217 -18-

217 285 383 319 naturae
410 285 569 333 praeter
596 280 666 320 bas
694 287 777 321 tres
806 295 945 321 causas
962 282 1236 335 requirebatur
1254 285 1432 332 matoria,
1457 285 1633 340 hiosquo-

217 359 295 399 que
323 360 422 401 opus
451 353 510 387 est
536 347 750 389 substrato.
806 347 936 397 Quam
974 349 1024 390 ob
1060 363 1145 412 rem
1170 350 1405 392 Aristoteles
1431 351 1564 408 pergit
1590 351 1631 394 in

218 415 323 454 hunc
358 416 533 455 modum:
573 417 696 457 τοῦτο
732 413 771 456 δ’
811 414 977 466 ἔσχατον
1014 417 1063 459 τὰ
1103 419 1271 466 ποιοῦν,
1310 418 1380 459 καὶ
1418 418 1468 461 ’τὸ
1501 418 1633 468 οὕτως

216 482 341 537 μέρος
367 481 453 524 ἐστὶ
478 484 552 536 τῆς
577 479 736 537 ὑγιείας
762 484 831 525 καὶ
857 486 929 538 τῆς
956 480 1219 536 οἰκίας,ὀῖον
1239 483 1280 527 οἳ
1299 483 1430 536 λίθοι,
1456 487 1527 529 καὶ
1551 489 1632 529 τῶν
1704 537 1708 544 ¹

219 546 368 592 ἄλλων.
405 548 509 594 ὥστε
543 549 739 607 καθάπερ
773 552 951 606 λέγεται,
986 550 1187 595 ἀδύνατον
1213 552 1410 613 χενέσθαι
1436 553 1474 597 εἰ
1498 555 1632 610 μηθὲν

217 616 498 673 προϋπάρχοι·
535 618 601 660 ὅτι
626 620 700 670 μὲν
728 615 802 662 οὖν
827 636 869 661 τι
893 621 1018 675 μέρος
1044 619 1090 670 ἒξ
1116 618 1290 674 ἀνάγκης
1316 618 1516 677 ὖπιίρξει,
1545 637 1631 677 φα-

216 684 348 740 νερόν·
377 684 402 741 ἡ
422 687 497 740 γὰρ
525 685 603 741 ὕλη
620 687 755 741 μέρος·
777 685 993 742 ἐνυπάρχει
1019 689 1096 743 γὰρ
1113 688 1183 742 καὶ
1200 687 1382 739 γίγνεται
1409 686 1525 742 αὕτη.
1566 691 1632 731 Ex

218 754 361 808 quibus
398 761 563 808 apparet
599 755 638 794 in
674 754 768 794 artis
804 755 1075 797 effectionibus
1104 769 1262 810 semper
1287 757 1436 810 requiri
1464 757 1636 798 substra-

218 828 314 873 tum,
344 821 449 875 quod
476 829 568 862 ante
588 823 782 863 actionem
805 829 844 862 et
863 830 992 863 ortum
1012 830 1215 878 suppetat3
1243 825 1365 864 verba
1387 830 1519 864 autem
1536 837 1634 864 sana

218 903 297 929 non
325 895 415 929 sunt
429 889 474 939 ¹).

320 957 380 998 Ut
413 957 549 1010 paucis
589 957 897 1011 complectamur
943 972 1045 1011 quae
1085 959 1265 1012 proxime
1299 959 1498 1013 disputata
1532 964 1635 1009 sunt,

215 1023 384 1063 vidimus
412 1038 463 1063 cx
492 1031 677 1077 quattuor
696 1039 793 1078 quas
814 1025 1048 1065 Aristoteles
1073 1026 1184 1079 ponit
1202 1027 1330 1066 causis
1355 1032 1437 1066 tres
1455 1025 1495 1065 in
1513 1038 1632 1071 unam

217 1093 330 1145 quasi
359 1092 464 1132 coire
486 1099 606 1146 atque
634 1093 747 1143 hanc,
775 1099 819 1132 ut
846 1098 1002 1132 exstare
1021 1093 1158 1146 possit,
1184 1094 1387 1147 requirere
1414 1092 1631 1133 materiam.

218 1160 360 1213 Itaque
396 1160 474 1199 iam
510 1160 843 1212 progrediendum
881 1160 994 1199 nobis
1032 1166 1093 1200 est
1126 1160 1176 1200 ad
1209 1161 1399 1201 materiae
1434 1166 1632 1209 naturam,

218 1227 375 1281 qualem
404 1227 641 1267 Aristoteles
676 1227 940 1277 constituerit,
976 1228 1313 1268 considerandam.
1366 1228 1428 1268 Ac
1464 1227 1631 1280 primum

217 1294 376 1348 quidem
412 1294 666 1348 philosophus
703 1295 908 1335 materiam
945 1307 1019 1334 nec
1056 1300 1180 1335 ortam
1215 1307 1303 1335 esse
1335 1308 1411 1335 nec
1435 1307 1553 1348 posse
1578 1293 1634 1334 in·

216 1363 334 1404 terire
368 1363 512 1403 statuit.
571 1362 688 1411 Quod
716 1363 974 1416 comprobare
1011 1362 1142 1403 studet
1178 1363 1518 1416 argumentatione
1547 1362 1631 1402 fere

215 1430 309 1470 hac:
341 1429 611 1482 „Quatenus,“
634 1430 688 1468 ait
707 1429 828 1482 Phys.
849 1429 882 1479 Ι,
898 1429 936 1468 9.
958 1429 1033 1469 192
1054 1443 1077 1468 a
1095 1429 1277 1483 25seqq.,
1307 1428 1497 1482 „materia
1515 1426 1632 1467 estid

218 1498 259 1537 in
288 1512 383 1550 qu0,
419 1497 467 1537 τὸ
497 1496 538 1537 ἐν
567 1490 611 1550 ᾧ,
650 1496 732 1535 scil.
765 1497 891 1535 forma
929 1509 1016 1536 esse
1044 1502 1191 1550 potest,
1230 1497 1267 1535 h.
1288 1509 1323 1535 e.
1353 1501 1546 1549 quatenus
1574 1500 1634 1534 est

217 1563 386 1617 privatio
413 1563 477 1615 (τὸ
506 1562 549 1604 ἐν
579 1556 612 1616 ᾦ
640 1563 809 1602 formula
837 1563 931 1615 quid
967 1562 1042 1602 sibi
1070 1555 1186 1613 velit,
1220 1562 1461 1615 intellegitur
1490 1560 1633 1601 collata

218 1631 415 1671 locutione
442 1627 539 1672 τόδε
567 1628 610 1672 ἐν
636 1630 771 1684 τῷδε),
807 1644 879 1684 per
906 1644 948 1670 se
976 1630 1120 1671 interit.
1174 1630 1222 1670 Id
1251 1630 1357 1671 enim
1385 1628 1491 1683 quod
1517 1628 1558 1669 in
1585 1641 1633 1668 ea
1672 1620 1682 1635 ¹

216 1698 318 1751 perit
346 1705 405 1738 est
432 1698 601 1751 privatio
621 1698 742 1752 (quae
761 1703 878 1736 antea
898 1703 982 1736 erat
1007 1698 1090 1737 eius
1117 1697 1301 1746 conditio,
1328 1697 1394 1736 ubi
1422 1696 1519 1736 nihil
1546 1701 1632 1736 erat

215 1766 289 1805 nisi
315 1765 363 1807 τὸ
392 1765 433 1806 ἐν
461 1758 528 1819 ᾦ);
556 1772 695 1805 contra
724 1771 916 1818 quatenus
945 1771 1004 1804 est
1031 1765 1246 1805 secundum
1273 1763 1501 1818 potentiam,
1528 1763 1632 1805 κατὰ

213 1832 285 1885 τὴν
313 1829 502 1882 δύναμιν,
531 1834 569 1871 h.
591 1847 625 1871 e.
656 1838 850 1884 quatenus
876 1838 937 1871 est
963 1831 1140 1884 potentia
1168 1844 1218 1870 ex
1246 1844 1325 1884 qua
1350 1844 1414 1869 res
1442 1832 1631 1880 oriuntur,

215 1914 288 1953 per
323 1915 366 1940 se
399 1914 479 1939 non
517 1899 638 1952 perit,
674 1899 743 1938 sed
777 1912 907 1951 neque
941 1904 1215 1951 corrumpatur
1249 1912 1321 1938 nec
1346 1912 1520 1951 unquam
1546 1905 1632 1939 orta

215 1967 266 2006 sit
292 1979 455 2005 necesse
485 1972 555 2004 est.
614 1964 709 2005 Sive
738 1966 841 2005 enim
872 1971 958 2005 orta
986 1972 1056 2016 est,
1085 1963 1339 2019 suppeditare
1357 1964 1451 2018 quid
1469 1978 1632 2006 necesse

218 2040 303 2074 erat
330 2035 438 2087 prius
469 2048 519 2072 ex
548 2048 624 2086 quo
654 2034 852 2073 substrato
881 2039 1076 2082 oreretur,
1102 2031 1150 2073 τὸ
1179 2031 1223 2080 ἐξ
1249 2025 1299 2073 οὗ
1326 2029 1631 2087 ἐνυπάρχοντος,

215 2102 266 2141 cf.
287 2101 630 2154 Trendelenburg.
659 2101 809 2141 Histor.
830 2101 952 2140 Beitr.
972 2101 1004 2150 I,
1034 2115 1071 2153 p.
1092 2100 1165 2140 110
1191 2105 1273 2140 not.
1293 2100 1331 2139 3.
1367 2100 1481 2142 Haec
1500 2107 1631 2143 autem

216 2170 407 2209 materiae
435 2170 557 2223 ipsius
584 2177 643 2209 est
670 2176 828 2216 natura,
857 2168 938 2208 scil.
967 2174 1010 2207 ut
1036 2167 1275 2208 substratum
1306 2168 1357 2208 sit
1384 2182 1434 2208 ex
1462 2183 1540 2223 quo
1566 2182 1631 2209 res

215 2237 406 2287 oriuntur,
439 2237 513 2276 192
533 2250 556 2275 a
576 2236 646 2276 30:
673 2237 792 2276 τοῦτο
822 2233 861 2276 δ’
892 2234 1001 2276 ἐστὶν
1028 2231 1156 2289 αὐτῆς
1181 2231 1206 2288 ἦ
1236 2231 1373 2289 φύσις,
1402 2237 1451 2276 cf.
1478 2236 1630 2277 Bonitz.

215 2304 381 2344 Aristot.
411 2303 525 2344 stud,
553 2318 592 2356 p.
619 2304 712 2352 192,
739 2305 859 2344 τοῦτο
887 2300 926 2344 δ’
957 2301 1065 2344 ἐστὶν
1093 2299 1193 2357 αὐτὴ
1220 2299 1246 2357 ἧ
1276 2298 1419 2357 φύσις,
1454 2303 1629 2343 Bekker.

213 2372 355 2424 Itaque
384 2378 512 2411 ortam
540 2385 627 2411 esse
656 2371 858 2410 materiam
887 2372 920 2410 si
939 2377 1211 2421 statueremus,
1238 2372 1376 2411 fuisset
1402 2371 1630 2424 priusquam

213 2444 299 2480 orta
328 2445 443 2479 esset.
498 2439 603 2479 Nam
634 2437 797 2478 materia
825 2444 884 2478 est
910 2438 950 2478 id
979 2436 1086 2491 quod
1122 2443 1181 2478 est
1206 2437 1374 2492 primum
1404 2437 1546 2492 cuique
1572 2435 1629 2476 rei

212 2507 467 2557 substratum,
495 2520 545 2546 ex
566 2520 644 2559 quo
664 2506 761 2544 haec
781 2506 913 2557 oritur,
940 2520 1029 2545 cum
1049 2505 1176 2558 ipsum
1199 2506 1323 2546 subsit
1341 2520 1419 2546 non
1441 2518 1514 2558 per
1532 2503 1630 2543 acci-

304 2649 325 2686 ¹)
350 2649 398 2681 Cf.
422 2660 547 2682 excute.
572 2650 594 2680 1.
