1837 3017
828 197 1079 236 -68-

246 306 306 340 est
334 306 374 340 et
401 289 588 349 servatur,
623 314 741 340 caeca
770 314 855 341 esse
882 315 961 340 non
988 306 1137 354 potest,
1172 301 1291 341 immo
1320 315 1481 343 necesse
1508 309 1568 343 est
1593 317 1657 343 ex-

249 368 397 410 oriatur
424 383 447 407 a
473 367 691 407 substantia
721 368 888 422 sapienti
916 381 962 407 ac
989 367 1106 421 plena
1132 367 1307 408 rationis.

351 436 490 488 Itaque
526 441 691 488 apparet
731 436 1107 488 argumentationem
1144 450 1223 488 qua
1251 436 1483 477 Aristoteles
1511 421 1655 478 numen

248 505 422 545 divinum
451 502 745 555 agnoscendum
776 519 860 545 esse
889 505 1158 545 demonstrare
1187 503 1334 554 studet,
1370 519 1608 559 quamquam
1633 519 1657 544 a

247 579 353 612 motu
388 570 551 618 orditur,
589 578 722 611 tamen
768 586 884 611 causa
917 571 1028 611 inniti
1070 570 1189 610 finali.
1245 572 1330 612 Iam
1366 571 1657 612 consideremus

247 639 449 692 proxima,
493 638 634 690 quibus
674 639 927 691 philosophus
970 639 1077 691 quali
1125 640 1229 677 vitae
1270 638 1491 678 conditione
1531 639 1658 691 prima

245 705 465 747 substantia
505 711 636 745 utatur
677 705 862 745 describit
876 705 917 758 ¹).
992 705 1127 757 „Vita
1167 712 1323 746 autem
1364 711 1454 756 est,
1498 705 1656 759 qualis

245 775 430 828 optima
464 787 557 826 qua
591 787 674 811 nos
712 787 797 825 per
831 774 979 812 breve
1018 773 1257 825 temporis
1299 773 1506 826 spatium
1539 772 1659 811 frui·

245 857 357 883 mur.
412 841 531 881 Nam
574 854 765 893 semper
804 840 925 880 illud
961 839 1030 878 sic
1064 853 1111 879 se
1147 840 1305 890 habet,
1346 840 1500 894 (nobis
1535 840 1656 879 enim

247 911 333 950 boc
370 922 462 948 non
497 907 774 959 contingit),
818 923 916 947 cum
953 907 1098 946 etiam
1136 908 1360 960 voluptas
1399 913 1539 947 actus
1574 906 1656 955 sit,

245 977 269 1015 b
294 977 357 1015 16:
384 973 476 1014 ἐπεὶ
501 973 570 1013 καὶ
594 971 720 1026 ἡδονὴ
748 970 772 1025 ἡ
794 974 974 1026 ἐνέργεια
998 972 1172 1027 [τούτου]
1191 974 1234 1026 ²),
1263 976 1311 1013 cf.
1339 975 1431 1014 Eth.
1451 973 1539 1014 Nic.
1559 973 1653 1022 VII,

249 1045 307 1084 15.
341 1042 482 1082 1154b
502 1043 566 1092 25,
606 1041 699 1091 VII,
733 1042 791 1081 13.
825 1042 922 1082 1153
942 1056 966 1081 a
988 1044 1046 1092 12,
1076 1042 1129 1091 X,
1166 1042 1202 1081 4.
1236 1042 1335 1083 1174
1355 1042 1378 1081 b
1399 1041 1469 1081 23:
1502 1041 1657 1081 τελειοῖ

243 1109 316 1163 τὴν
342 1107 545 1164 ἐνέργειαν
572 1105 596 1162 ἡ
626 1104 768 1163 ἡδονή.
814 1111 945 1149 Antea
973 1110 1137 1163 primam
1167 1109 1422 1149 substantiam
1451 1114 1654 1147 aeternum

243 1185 375 1218 actum
403 1191 488 1216 esse
517 1178 665 1227 docuit;
703 1178 811 1230 atqui
845 1184 956 1217 aetus
990 1178 1104 1216 affert
1143 1178 1400 1230 voluptatem3
1439 1191 1534 1228 ergo
1569 1175 1656 1215 sub·

243 1245 386 1284 stantia
414 1243 541 1295 prima
571 1251 610 1283 et
638 1244 840 1297 voluptate
869 1243 1010 1283 fruitur
1038 1250 1077 1283 et
1105 1257 1259 1297 semper
1286 1257 1333 1283 ea
1360 1243 1512 1283 fruitur.
1568 1243 1655 1281 At-

242 1326 336 1366 que
363 1311 420 1351 ob
448 1311 569 1350 hanc
599 1325 812 1360 eausam,
842 1311 865 1349 b
888 1311 951 1350 17:
991 1310 1060 1351 καὶ
1086 1309 1157 1351 διὰ
1183 1312 1317 1359 τοῦτο,
1347 1311 1384 1350 h.
1408 1324 1440 1350 e.
1467 1308 1560 1351 ἐπεὶ
1586 1308 1653 1350 καὶ

241 1489 354 1532 ψυχὴν
379 1486 634 1531 συμβαινόντων
657 1490 714 1519 καὶ
737 1487 804 1520 ἀπὸ
828 1489 894 1520 τῶν
915 1487 1101 1531 μετεώρων·
1127 1488 1203 1520 ἀλλ’
1229 1487 1297 1521 ἀπὸ
1319 1489 1385 1532 μὲν
1407 1490 1473 1521 τῶν
1497 1489 1574 1530 περὶ
1595 1485 1654 1527 τὴν

243 1542 356 1584 ψυχὴν
385 1539 652 1584 συμβαινόντων,
683 1540 738 1573 διὰ
768 1540 843 1576 τοὺς
871 1541 908 1573 ἐν
935 1545 1004 1577 τοῖς
1032 1539 1149 1577 ὕπνοις
1175 1545 1374 1584 γινομένους
1395 1539 1513 1581 ταύτης
1535 1544 1655 1573 ἔνθου-

242 1597 407 1639 σιασμούς
430 1596 487 1627 καὶ
509 1594 566 1630 τὰς
586 1598 747 1636 μαντείας
769 1618 911 1627 .....
937 1592 1021 1627 ἀλλὰ
1046 1594 1086 1636 δὴ
1110 1598 1166 1627 καὶ
1190 1595 1257 1629 ἀπὸ
1281 1597 1347 1628 τῶν
1361 1593 1547 1638 μετεώρων·
1572 1598 1654 1627 θεα-

241 1647 382 1693 σάμενοι
404 1648 470 1692 γὰρ
492 1648 574 1692 μεθ’
598 1646 728 1692 ἡμέραν
749 1648 814 1691 μὲν
837 1646 932 1688 ἥλιον
954 1650 1223 1691 περιπολοῦντα,
1252 1647 1382 1692 νύκτωρ
1411 1649 1449 1681 δὲ
1476 1646 1536 1689 τὴν
1558 1643 1654 1680 εὔτα-

239 1714 318 1736 κτον
345 1704 411 1736 τῶν
435 1699 546 1735 ἄλλων
567 1702 717 1745 ἀστέρων
748 1705 891 1742 κίνησιν,
921 1699 1087 1745 ἐνόμισαν
1111 1702 1200 1735 εἶναί
1219 1714 1293 1736 τινα
1323 1701 1404 1736 θεὸν
1426 1701 1486 1736 τὸν
1507 1703 1562 1743 τῆς
1583 1713 1653 1734 τοι-

239 1754 336 1795 αύτης
364 1755 523 1796 κινήσεως
555 1757 611 1786 καὶ
640 1754 792 1791 εὐταξίας
819 1757 937 1786 αἴτιον.
982 1757 1113 1794 Cicero,
1143 1757 1182 1786 de
1210 1762 1315 1787 natur.
1338 1757 1422 1788 deor.
1447 1757 1495 1794 11,
1520 1760 1570 1786 3⁷.
1594 1758 1651 1786 95:

238 1811 404 1842 Praeclare
428 1820 503 1850 ergo
528 1809 716 1841 Aristoteles
744 1809 773 1839 si
803 1813 924 1848 essent,
955 1810 1080 1850 inquit,
1111 1810 1168 1849 qui
1190 1809 1252 1841 sub
1274 1814 1357 1841 terra
1380 1819 1504 1850 semper
1526 1808 1651 1840 habita-

238 1866 364 1893 vissent
394 1863 488 1893 bonis
521 1868 552 1892 et
580 1862 764 1892 illustribus
794 1863 989 1900 domiciliis,
1027 1873 1108 1901 quae
1144 1867 1250 1892 essent
1279 1868 1391 1893 ornata
1421 1863 1526 1902 signis
1556 1867 1652 1901 atque

238 1916 374 1955 picturis
397 1916 620 1955 instruct-aque
642 1914 737 1946 rebus
761 1916 803 1945 iis
827 1915 994 1953 omnibus,
1024 1915 1143 1955 quibus
1172 1914 1337 1945 abundant
1360 1915 1385 1945 ii
1408 1916 1464 1955 qui
1485 1914 1571 1946 beati
1593 1924 1651 1955 pu-

240 1973 359 2007 tantur,
391 1978 450 2000 nec
473 1973 577 1999 tamen
602 1969 744 1999 exissent
767 1979 919 2008 umquam
943 1979 1039 2008 supra
1062 1973 1187 2007 terram,
1209 1971 1416 2008 'accepissent
1438 1974 1544 2000 autem
1567 1969 1653 2000 fama

238 2027 269 2052 et
291 2022 458 2053 auditione
481 2032 550 2052 esse
574 2021 731 2061 quoddam
763 2032 880 2053 numen
904 2026 935 2052 et
958 2023 1025 2052 vim
1048 2022 1197 2060 deorum,
1229 2022 1342 2052 deinde
1371 2022 1481 2063 aliquo
1511 2027 1652 2062 tempore

237 2075 407 2115 patefactis
430 2080 532 2106 terrae
554 2075 702 2107 faucibus
727 2085 766 2106 ex
782 2075 849 2106 illis
873 2075 994 2106 abditis
1018 2075 1149 2107 sedibus
1172 2075 1306 2106 evadere
1321 2076 1355 2106 in
1371 2075 1449 2107 haec
1463 2076 1545 2115 loca,
1569 2085 1651 2116 quae

236 2138 296 2160 nos
318 2129 505 2167 incolimus,
530 2132 625 2168 atque
647 2130 734 2159 exire
756 2130 947 2169 potuissent,
971 2138 1044 2160 cum
1068 2133 1196 2169 repente
1218 2132 1332 2160 terram
1349 2133 1380 2159 et
1395 2130 1495 2161 maria
1511 2129 1650 2160 caelum·

236 2192 298 2222 que
319 2183 489 2220 vidissent,
513 2182 650 2213 nubium
672 2183 926 2223 magnitudinem
949 2187 1181 2222 ventorumque
1197 2185 1265 2213 vim
1287 2183 1516 2224 cognovissent
1538 2182 1648 2223 adspe-

235 2237 424 2276 xissentque
448 2236 560 2275 solem,
586 2236 719 2275 eiusque
735 2246 806 2267 cum
820 2237 1075 2278 magnitudinem
1091 2236 1437 2277 pulchritudinemque,
1461 2243 1528 2267 tum
1552 2237 1649 2268 etiam

236 2290 439 2321 efficientiam
471 2291 717 2331 cognovissent,
753 2290 837 2330 quod
866 2292 894 2321 is
923 2290 1006 2321 diem
1041 2290 1179 2321 efficeret
1208 2295 1275 2322 toto
1303 2290 1391 2322 caelo
1419 2290 1492 2321 luce
1519 2289 1647 2328 diffusa,

235 2353 309 2375 cum
331 2348 438 2374 autem
462 2348 561 2374 terras
584 2353 650 2374 nox
673 2348 849 2383 opacasset,
874 2349 943 2374 tum
966 2344 1090 2375 caelum
1113 2347 1216 2375 totum
1232 2348 1394 2376 cernerent
1416 2344 1512 2375 astris
1534 2343 1649 2374 distin·

234 2402 321 2429 ctum
345 2401 376 2428 et
398 2403 564 2436 ornatum,
588 2397 748 2437 lunaeque
769 2397 927 2429 luminum
951 2398 1138 2428 varietatem
1160 2402 1228 2429 tum
1252 2398 1442 2435 crescentis,
1466 2401 1535 2428 tum
1558 2405 1648 2427 sene-

235 2452 353 2482 scentis
383 2460 555 2491 eorumque
585 2452 728 2482 omnium
759 2456 846 2482 ortus
875 2457 906 2482 et
933 2460 1068 2482 occasus
1100 2454 1131 2480 et
1161 2452 1196 2481 in
1232 2452 1318 2482 omni
1347 2452 1532 2483 aeternitate
1562 2454 1647 2480 ratos

235 2503 516 2543 immutabilesque
545 2514 660 2535 cursus
690 2514 761 2534 cum
791 2505 951 2536 viderent:
981 2505 1121 2545 profecto
1151 2509 1182 2535 et
1211 2515 1279 2536 esse
1307 2505 1382 2536 deos
1404 2509 1436 2536 et
1458 2505 1537 2536 baec
1558 2507 1648 2535 tanta

234 2567 330 2599 opera
352 2558 483 2589 deorum
506 2567 577 2589 esse
598 2557 838 2590 arbitrarentur.

326 2613 347 2650 ¹)
371 2614 424 2651 A,
449 2615 477 2642 7.
506 2614 585 2643 1072
603 2612 757 2653 b14sqq.

324 2665 346 2703 ¹)
370 2662 488 2697 τούτου
513 2666 699 2706 genetivum
721 2666 890 2697 delendum
914 2674 985 2696 esse
1008 2664 1209 2696 arbitramur.
1246 2665 1320 2696 vid.
1344 2674 1470 2696 excurs.
1492 2664 1546 2695 Iv.
