1837 3017
800 110 1080 163 ...105-

232 229 354 268 τοῦτο
382 223 422 268 δ’
445 224 615 278 ἔσχατόν
642 226 729 269 ἐστι
755 228 804 267 τὸ
831 230 992 275 ποιοῦν,
1022 227 1091 268 καὶ
1116 227 1164 268 τὸ
1193 225 1323 274 οὕτως
1342 226 1391 266 τὸ
1416 226 1540 277 μέρος
1568 226 1655 268 ἐστὶ

233 296 305 347 τῆς
332 291 504 344 ὑγιείας·
534 293 620 349 (ἀεὶ
647 295 694 337 δὲ
720 297 775 349 τῷ
803 296 994 337 ποιοῦντι
1012 292 1217 347 ’ὑπάρχειν
1244 291 1466 346 ἀναγκαῖον
1487 290 1588 334 ἄλλο
1611 311 1653 335 τι

232 361 355 415 μέρος
384 358 407 403 ὃ
434 360 613 415 πάσχει),
644 357 734 403 οἷον
760 365 831 415 τῆς
859 361 991 412 οἰκίας
1018 361 1058 403 οἱ
1078 362 1207 411 λίθοι,
1238 364 1321 402 scil.
1342 358 1576 412 ὑπάρχουσι
1596 365 1653 415 τῷ

233 432 436 477 ποιοῦντι,
466 431 535 471 καὶ
562 433 644 470 τῶν
671 426 808 470 ἄλλων
834 425 953 470 ἄλλα.
984 429 1088 471 ὥστε
1115 429 1309 480 καθάπερ
1339 429 1514 480 λέγεται,
1550 426 1653 470 ἀδύ-

235 513 355 538 νατον
381 498 580 550 γενέσθαι
609 496 645 539 εἷ
672 498 807 550 μηθέν
834 497 1106 551 προϋπάρχοι.
1144 498 1209 539 ὅτι
1239 499 1313 548 μὲν
1346 494 1421 538 οὖν
1453 513 1494 537 τι
1526 496 1651 549 μέρος

232 564 278 614 ἐξ
294 561 468 618 ἀνάγκης
485 563 678 620 ὑπάρξει,
708 563 898 619 φανερόν·
929 563 952 618 ἡ
978 567 1052 619 γὰρ
1075 566 1152 620 ὕλη
1170 567 1303 619 μέρος·
1321 563 1552 615 ’ἐνυπάρχει
1573 563 1649 617 γὰρ

232 634 302 674 καὶ
328 633 509 687 γίγνεται
536 632 650 687 αὕτη.
1451 682 1454 685 η

311 703 402 743 Alia
416 702 465 742 de
480 702 656 743 hocloco
672 704 808 743 statuit
818 703 1031 753 Bonstzius,
1048 704 1113 756 qui
1129 718 1199 757 pro
1215 704 1363 743 verbis:
1378 702 1447 744 καὶ
1456 702 1502 743 τὸ
1519 699 1652 749 οὕτως

232 769 406 809 scribere
432 770 535 809 vult:
565 768 634 808 καὶ
661 766 762 808 αὐτό
791 784 891 818 πως,
921 775 965 811 ut
992 770 1089 808 haec
1116 771 1166 809 sit
1192 770 1401 810 sententia:
1431 769 1478 809 τὸ
1499 771 1651 809 ποιοῦν

231 836 369 889 (intell.
408 833 431 890 ἡ
461 836 616 888 τρῖψις)
650 839 771 877 τοῦτο
807 837 946 888 (intell.
982 836 1054 891 τὴν
1088 835 1357 891 θερμότητα),
1396 835 1562 887 ἔσχατον
1590 832 1648 884 ἷίν,

232 903 302 944 καὶ
335 901 437 945 αὐτό
473 919 562 952 πως
593 904 716 956 μέρος
755 902 842 945 ἐστὶ
874 907 946 958 τῆς
986 902 1161 957 ὑγιείας,
1207 902 1363 954 ὁμοίως
1406 903 1545 956 ὥσπερ
1578 906 1650 956 τῆς

233 969 365 1020 οἰκίας
408 970 448 1012 οἱ
481 969 598 1012 λίθοι
645 970 724 1013 εἶσὶ
765 973 889 1025 μέρος
930 972 998 1013 καὶ
1037 975 1116 1013 τῶν
1150 969 1285 1013 ἄλλων
1319 968 1437 1013 ἄλλα.
1494 973 1649 1021 Quibus

231 1040 412 1080 assentiri
450 1055 527 1080 non
564 1055 784 1095 possumus.
839 1041 1016 1081 Primum
1061 1041 1165 1081 enim
1207 1041 1446 1090 frictionem;
1489 1041 1521 1080 si
1554 1040 1649 1093 quid

231 1107 367 1158 video,
403 1123 452 1147 ne
480 1108 769 1162 quodammodo
798 1109 958 1162 quidem
987 1116 1137 1163 partem
1167 1109 1344 1149 sanitatis
1375 1123 1516 1148 vocare
1544 1108 1648 1148 licet.

231 1175 355 1223 Tum,
393 1176 424 1214 si
462 1191 549 1216 cum
581 1176 761 1216 Bonitzio
798 1176 982 1226 facimus,
1020 1192 1160 1216 causae
1190 1178 1333 1216 diversi
1362 1177 1520 1228 generis
1547 1176 1650 1214 inter

232 1253 274 1280 se
294 1242 607 1295 confunduntur3
636 1258 728 1283 nam
749 1243 877 1284 frictio
897 1243 1054 1297 quidem
1077 1250 1138 1284 est
1157 1259 1275 1284 causa
1294 1243 1481 1292 efficiens,
1512 1249 1649 1283 contra

230 1309 380 1362 lapides
414 1309 659 1351 adcausam
702 1311 901 1363 pertinent
944 1312 1197 1352 materialem.
1253 1312 1396 1364 Itaque
1435 1324 1513 1349 non
1555 1309 1649 1349 licet

231 1376 382 1417 diceret
411 1374 434 1430 ἡ
457 1380 597 1431 τρῖψις
626 1378 695 1418 καὶ
716 1375 817 1419 αὐτό
841 1394 929 1426 πως
947 1378 1070 1430 μέρος
1097 1378 1183 1419 ἐστὶ
1201 1381 1273 1431 τῆς
1295 1375 1467 1431 ὑγιείας,
1495 1375 1649 1426 ὁμοίως

231 1441 369 1496 ὥσπερ
398 1446 469 1498 τῆς
497 1442 627 1493 οἰκίας
655 1443 696 1485 οἳ
723 1443 842 1486 λίθοι
870 1443 948 1487 εἰσί
974 1445 1111 1497 μέρος.

703 1833 1041 1892 Excursus
1085 1831 1179 1892 ΙΙ.

333 1988 463 2028 Locus
490 1988 555 2040 qui
585 1988 779 2040 reperitur
807 1987 903 2026 Met.
932 1991 999 2035 A,
1033 1988 1090 2025 10.
1118 1987 1169 2025 in.
1200 1986 1448 2025 difficillimus
1476 1993 1555 2034 est,
1592 1987 1648 2024 ita

229 2060 272 2094 ut
306 2055 526 2096 accuratius
560 2067 647 2093 eum
693 2059 863 2093 tractare
897 2059 1017 2107 atque
1065 2053 1182 2093 etiam
1226 2052 1440 2092 sententias
1475 2052 1524 2091 ab
1563 2053 1648 2091 aliis

229 2123 402 2174 prolatas
431 2121 662 2161 examinare
689 2135 853 2160 necesse
882 2135 968 2160 esse
988 2121 1182 2160 videatur.
1226 2121 1359 2160 Ordiri
1380 2126 1509 2159 autem
1531 2120 1647 2158 liceat

229 2204 253 2229 a
285 2188 657 2230 commentatoribus
697 2187 896 2228 veteribus
937 2193 1057 2241 atque
1099 2188 1249 2228 ratione
1291 2202 1355 2237 ea,
1400 2193 1442 2226 ut
1482 2186 1646 2240 singulis

229 2271 365 2298 corum
393 2256 721 2310 explicationibus
741 2256 870 2295 statim
892 2255 1084 2295 addamus
1106 2255 1366 2295 recentiorum
1386 2255 1646 2308 interpretum

229 2325 442 2364 sententias
463 2338 530 2363 eas
551 2336 652 2376 quae
672 2322 747 2361 illis
767 2322 898 2375 aliqua
924 2336 972 2361 ex
992 2328 1104 2375 parte
1125 2328 1214 2362 sunt
1233 2322 1389 2360 similes.
1419 2321 1647 2361 Alexander

229 2391 550 2446 Aphrodisiensis
578 2391 700 2430 refert
718 2389 832 2429 nobis
851 2389 1213 2443 interpretationem
1238 2389 1427 2441 magistri,
1458 2403 1559 2443 quae
1588 2396 1648 2429 est

229 2460 327 2498 haec
364 2459 433 2510 (cf.
464 2458 598 2497 Schol.
636 2459 675 2498 in
705 2456 869 2496 Aristot.
899 2457 989 2495 coll.
1020 2456 1200 2495 Brandis.
1238 2471 1274 2509 p.
1294 2457 1372 2494 810
1391 2457 1415 2494 b
1435 2457 1646 2509 30seqq.):

227 2528 354 2567 ταῦτα
388 2522 516 2567 εἰπών
555 2524 770 2578 θεοφιλῶς
804 2523 872 2564 καὶ
900 2523 1145 2578 φιλοσόφως
1185 2523 1294 2574 λέγει
1327 2521 1391 2563 ὅτι
1419 2520 1540 2565 οὐδὲν
1566 2526 1647 2564 τῶν

228 2589 355 2635 ὄντων
380 2589 512 2645 μάτην
540 2590 647 2631 ἐστὶν
676 2588 782 2631 ἀλλά
817 2589 955 2631 πάντα
983 2591 1245 2633 συντέτακται
1278 2589 1347 2630 καὶ
1380 2590 1572 2640 συντελεῖ,
1611 2589 1648 2632 εἰ
