1837 3017
765 136 1024 176 -8'1—

296 242 510 282 Praeterea
551 241 628 279 duo
668 239 780 279 nobis
821 245 912 279 sunt
953 240 1305 281 commemoranda.
1362 240 1595 280 Aristoteles

194 309 362 349 animam
396 307 480 347 vult
514 319 599 345 esse
634 305 891 345 entelechiam
925 307 1097 359 corporis
1133 314 1250 361 atque
1283 306 1477 346 artissime
1504 321 1592 347 cum

171 359 239 416 ⁸eo
268 374 490 423 cohaerere,
518 373 573 413 ita
600 378 643 413 ut
670 387 748 412 una
777 387 865 412 cum
885 385 931 412 eo
951 379 990 411 et
1007 380 1189 414 nascatur
1207 380 1246 414 et
1264 374 1445 414 intereat.
1486 374 1594 414 Atta-

193 455 282 482 men
309 442 444 481 statuit
477 446 629 494 partem
663 453 749 479 esse
785 439 956 490 animae,
994 454 1092 493 quae
1120 455 1143 479 a
1170 455 1333 495 corpore
1365 446 1519 481 secreta
1545 441 1595 480 sit

193 516 311 562 atque
339 508 557 547 substantia
577 521 647 561 per
666 521 708 546 se
727 506 961 546 consistens:
990 506 1075 546 dico
1093 508 1334 548 intellectum
1352 514 1535 561 agentem
1550 508 1592 560 ¹).

192 576 331 628 Itaque
359 573 687 628 quemadmodum
716 574 829 614 durat
849 586 1012 627 corpore
1031 573 1230 624 dissoluto,
1259 575 1314 614 sic
1341 582 1431 614 ante
1450 589 1593 628 corpus

190 647 325 681 natum
362 647 422 681 est
454 647 573 694 atque
606 641 647 680 in
680 641 952 694 procreatione
985 641 1105 680 intrat
1143 640 1183 680 in
1219 641 1259 680 id
1296 640 1592 694 extrinsecus2).

190 708 378 761 Idemque
411 707 584 747 divinum
618 708 711 761 quid
744 709 784 747 in
821 708 933 747 nobis
968 706 1081 760 est').
1136 708 1278 761 Itaque
1312 709 1508 761 profectus
1542 709 1592 748 sit

189 787 352 814 necesse
379 780 439 814 est
465 775 514 814 ab
543 775 742 816 intellectu
771 789 934 815 summo.
975 775 1107 828 Atque
1135 774 1208 813 hoo
1234 775 1266 814 si
1285 774 1481 824 sumimus,
1507 781 1591 816 tum

188 841 345 882 demum
373 843 624 896 intellegitur,
653 843 719 897 qui
748 842 920 896 cognitio
941 856 987 882 ac
1006 842 1170 882 scientia
1196 848 1330 882 nostra
1357 842 1480 896 possit
1506 857 1590 883 esse

188 922 295 948 vera.
350 908 490 950 Omnis
530 910 632 950 enim
680 910 849 962 cognitio
887 916 927 950 et
962 910 1124 949 scientia
1158 925 1179 949 θ
1216 916 1347 949 mente
1387 910 1590 950 veritatem

189 975 316 1026 ducit,
357 992 444 1017 cum
482 992 531 1017 ex
565 978 639 1018 hac
673 992 823 1018 summa
859 984 1040 1018 emanent
1074 978 1307 1031 cognitionis
1343 976 1591 1030 principia⁴).

188 1045 321 1096 Atque
347 1043 579 1097 inquirendo
606 1045 645 1084 in
674 1059 737 1084 res
766 1058 876 1083 mens
903 1045 1048 1084 formas
1077 1051 1116 1084 et
1142 1044 1380 1084 substantias
1399 1044 1593 1096 intellegit

187 1117 227 1150 et
261 1111 372 1164 quasi
404 1112 575 1153 restituit
609 1126 741 1152 veram
779 1125 911 1151 earum
947 1118 1140 1151 naturam.
1198 1111 1328 1159 Quam
1364 1111 1589 1151 facultatem

181 1191 264 1217 non
292 1178 466 1230 haberet,
495 1179 568 1219 nisi
596 1181 770 1232 profecta
799 1185 902 1218 esset
921 1193 944 1218 a
964 1185 1094 1219 mente
1114 1192 1171 1229 ea,
1200 1192 1302 1231 quae
1321 1179 1465 1218 formas
1489 1178 1591 1230 cogi·

186 1244 285 1284 tavit
312 1252 430 1299 atque
458 1246 623 1286 adduxit
648 1247 697 1286 ad
726 1248 919 1286 effectum.
964 1246 1067 1285 Nam
1088 1246 1192 1285 unde
1212 1251 1440 1298 suppeteret
1458 1246 1591 1285 huma·

184 1325 259 1351 nae
287 1313 426 1354 mentis
453 1313 664 1367 cognitioni
683 1313 840 1365 veritas,
867 1314 941 1354 nisi
969 1313 1064 1354 deus
1092 1319 1194 1353 esset
1214 1326 1340 1353 causa
1369 1318 1408 1352 et
1436 1312 1590 1353 essendi

187 1471 247 1505 οὐκ
274 1474 376 1508 ἔστιν.
404 1476 466 1511 ἔξω
497 1476 535 1508 δὲ
563 1478 622 1509 τοῦ
650 1476 798 1517 οὐρανοῦ
826 1475 990 1508 δέδεικται
1018 1473 1069 1507 ὅτι
1097 1471 1167 1507 οὔτ’
1200 1474 1290 1507 ἔστιν
1319 1470 1390 1506 οὔτ’
1418 1474 1589 1516 ἐνδέχεται

182 1528 343 1568 γενέσθαι
365 1530 472 1572 σῶμα.
496 1529 647 1572 φανερὸν
669 1526 735 1572 ἄρα
759 1527 809 1561 ὅτι
828 1525 902 1561 οὔτε
923 1526 1026 1563 τόπος
1051 1523 1126 1559 οὔτε
1148 1526 1247 1559 κενὸν
1270 1524 1343 1559 οὔτε
1362 1526 1485 1570 χρόνος
1501 1528 1591 1561 ἐστὶν

183 1579 319 1616 ἔξωθεν·
344 1581 462 1626 διόπερ
486 1579 555 1615 οὔτ’
583 1583 619 1615 ἐν
640 1581 732 1624 τόπῳ
754 1580 849 1615 τάκεῖ
871 1585 1040 1625 πέφυκεν,
1070 1576 1146 1612 οὔτε
1164 1579 1290 1623 χρόνος
1312 1580 1396 1613 αὐτὰ
1421 1579 1514 1614 {tonet
1532 1593 1593 1623 γη-

182 1632 330 1675 ράσκειν,
354 1633 428 1667 οὐδ’
455 1636 545 1668 ἐστὶν
567 1635 704 1672 οὐδενὸς
727 1635 869 1679 οὐδεμία
890 1633 1059 1677 μεταβολὴ
1087 1635 1155 1666 τῶν
1176 1631 1262 1676 ὓπερ
1284 1633 1343 1674 τὴν
1368 1633 1519 1670 ἐξωτάτω
1541 1645 1593 1667 τε-

182 1690 358 1730 ταγμένων
387 1686 511 1732 φοράν,
542 1686 613 1720 ἀλλ’
641 1688 850 1723 ἀναλλοίωτα
882 1689 940 1719 καὶ
970 1686 1090 1727 ἀπαθῆ
1120 1687 1180 1728 τὴν
1202 1685 1341 1728 ἀρίστην
1362 1687 1483 1729 ἔχοντα
1506 1688 1591 1728 ζωὴν

183 1742 240 1772 καὶ
261 1740 321 1780 τὴν
343 1740 611 1783 αὐταρκεστάτην
633 1742 778 1774 διατελεῖ
796 1741 855 1775 τὸν
877 1740 1010 1773 ἅπαντα
1040 1741 1157 1774 αἰῶνα.
1211 1742 1257 1773 Cf.
1279 1742 1362 1772 Plat.
1387 1742 1470 1772 Tim.
1494 1743 1588 1774 3713:

182 1794 285 1826 ταῦτα
308 1793 345 1827 δὲ
368 1792 477 1828 πάντα
498 1797 583 1839 μέρη
608 1794 747 1839 χρόνου,
776 1797 833 1827 καὶ
862 1793 899 1827 τό
921 1793 950 1827 τ’
974 1790 1016 1835 ἢν
1037 1793 1074 1827 τό
1098 1792 1129 1827 τ’
1156 1794 1249 1826 ἔσται
1272 1792 1400 1835 χρόνου
1422 1791 1587 1836 γεγονότα

184 1846 267 1887 εἴδη,
294 1845 316 1877 εἳ
339 1845 379 1888 δὴ
403 1850 562 1889 φέροντες
585 1847 800 1890 ᾆανθάνομεν
822 1848 879 1879 ἐπὶ
900 1846 959 1887 τὴν
982 1846 1094 1880 ἀΐδιον
1118 1846 1238 1879 οὐσίαν
1262 1845 1323 1878 οὐκ
1346 1847 1467 1888 ὀρθῶς.
1492 1849 1588 1888 λέγο-

181 1909 245 1942 μεν
267 1898 332 1944 γὰρ
357 1899 408 1942 δή,
431 1898 474 1938 ὡς
495 1897 536 1942 ἦν
559 1901 627 1935 ἔστι
649 1913 682 1934 τε
705 1902 761 1934 καὶ
783 1901 887 1942 ἔσται,
910 1901 948 1945 τῇ
967 1900 1005 1933 δὲ
1020 1898 1056 1933 τὸ
1073 1899 1141 1933 ἔστι
1163 1896 1272 1944 μόνον
1296 1899 1380 1932 κατὰ
1403 1898 1462 1933 τὸν
1478 1897 1588 1942 ἀληθῆ

166 1952 285 2002 ,λόγον
314 1953 491 1996 προσήκει,
521 1955 556 1988 τὸ
588 1957 625 1989 δὲ
647 1953 688 1997 ἢν
711 1955 747 1988 τό
771 1954 799 1988 τ’
825 1956 917 1988 ἔσται
940 1957 1017 1996 περὶ
1038 1953 1096 1995 τὴν
1119 1954 1155 1987 ἰν
1174 1951 1288 1996 χρόνῳ
1310 1957 1444 1996 γένεσιν
1467 1956 1589 1988 ἰοῦσαν

182 2009 301 2050 πρέπει
324 2009 494 2050 λέγεσθαι·
516 2009 659 2051 κινήσεις
679 2007 745 2053 γάρ
769 2008 876 2049 ἐστον,
899 2008 935 2041 τὸ
960 2008 999 2041 δὲ
1023 2007 1075 2041 ἀεὶ
1091 2005 1174 2040 κατὰ
1198 2006 1303 2039 ταύτὰ
1327 2007 1406 2049 ἔχον
1429 2006 1591 2049 ἀκινήτως

184 2058 260 2094 οὔτε
282 2062 507 2104 πρεσβύτερον
531 2061 605 2096 οὔτε
627 2061 789 2106 νεώτερον
813 2060 973 2106 προσήκει
993 2064 1173 2103 γίγνεσθαι
1197 2059 1254 2093 διὰ
1278 2059 1407 2104 χρόνου
1431 2060 1511 2093 οὐδὲ
1534 2073 1590 2104 γε-

182 2116 303 2147 νέσθαι
325 2115 406 2147 ποτὲ
430 2114 512 2148 οὐδὲ
534 2119 710 2158 γεγονέναι
732 2116 795 2148 νῦν
816 2112 890 2147 οὐδ’
916 2115 1067 2149 εἰσαῦθις
1089 2114 1240 2146 ἔσεσθαι.

274 2170 295 2208 ¹)
320 2171 368 2201 De
390 2171 487 2201 anim.
510 2171 552 2210 11,
576 2174 606 2204 4.
630 2173 691 2202 429
707 2171 728 2202 b
744 2173 778 2201 4:
808 2168 844 2201 τὸ
872 2167 936 2211 μὲν
964 2166 1030 2209 γὰρ
1062 2167 1262 2208 αἰσθητικὸν
1285 2166 1348 2199 οὐκ
1371 2163 1451 2200 ἄνευ
1475 2165 1586 2210 σώμα-

185 2232 250 2262 τος,
273 2220 290 2253 ὁ
316 2222 352 2254 δὲ
372 2221 546 2265 χωριστός.
575 2225 617 2262 11,
642 2227 670 2254 2.
693 2226 756 2254 413
771 2223 792 2254 b
810 2225 858 2253 24.
886 2223 946 2260 111,
964 2227 993 2252 5.
1009 2225 1073 2254 430
1089 2233 1110 2253 a
1125 2225 1175 2254 22.
1207 2223 1284 2252 Met.
1299 2224 1346 2260 A,
1364 2225 1393 2253 3.
1413 2222 1587 2253 1070824.

272 2276 295 2315 ²)
317 2276 366 2307 De
387 2286 460 2317 gen.
483 2287 534 2309 an.
557 2278 599 2315 11,
624 2280 653 2309 3.
677 2278 738 2308 736
754 2277 774 2307 b
791 2278 847 2307 27:
876 2276 1025 2307 λείπεται
1055 2275 1094 2308 δὲ
1120 2274 1178 2307 τὸν
1200 2275 1284 2307 νοῦν
1305 2272 1415 2317 μόνον
1437 2272 1588 2317 θύραθεν

183 2328 366 2361 ἐπεισιέναι
393 2331 450 2361 καὶ
477 2332 572 2362 θεῖον
600 2328 685 2362 εἶναι
710 2327 828 2371 μόνον.
859 2326 965 2361 οὐθὲν
987 2327 1053 2371 γὰρ
1077 2327 1181 2360 αὐτοῦ
1203 2328 1241 2370 τῇ
1264 2327 1414 2370 ἐνεργείᾳ
1436 2331 1592 2360 κοινωνεῖ

184 2381 356 2424 σωματικὴ
378 2382 541 2424 ἐνέργεια.

269 2435 293 2475 ³)
317 2436 390 2467 Eth.
414 2437 483 2468 Nic.
505 2437 547 2476 X,
572 2440 600 2467 7.
628 2439 706 2466 1177
725 2446 743 2466 a
762 2437 815 2465 15:
838 2436 902 2467 εἴτε
924 2438 1021 2468 θεῖον
1044 2433 1083 2468 ὂν
1106 2436 1163 2467 καὶ
1184 2432 1266 2466 αὐτὸ
1290 2435 1353 2466 εἴτε
1374 2434 1439 2465 τῶν
1455 2432 1491 2465 ἐν
1506 2430 1587 2474 ἡμῖν

181 2487 367 2522 θειότατον.
412 2491 433 2521 b
451 2493 504 2522 30:
535 2492 564 2522 εἰ
592 2488 632 2530 δὴ
663 2491 758 2521 θεῖον
786 2486 803 2520 ὁ
835 2490 916 2525 νοῦς
943 2488 1028 2531 πρὸς
1055 2489 1114 2523 τὸν
1141 2484 1337 2530 ἄνθρωπον,
1366 2488 1423 2520 καὶ
1450 2485 1468 2520 ὁ
1500 2486 1585 2520 κατὰ

183 2544 302 2576 τοῦτον
323 2545 395 2583 βίος
417 2545 508 2578 θεῖος
531 2541 615 2586 πρὸς
636 2540 694 2574 τὸν
716 2539 936 2585 ἀνθρώπινον
957 2545 1043 2584 βίον.

270 2597 296 2638 ⁴)
318 2598 393 2631 Eth.
416 2598 485 2635 Nic.
507 2597 563 2636 VI,
588 2601 616 2632 6.
639 2598 733 2630 Anal.
756 2602 838 2639 post.
862 2597 905 2638 H,
931 2600 980 2632 19.
1007 2600 1064 2630 100
1082 2597 1102 2630 b
1118 2599 1148 2632 8.
