1837 3017
830 164 1057 205 -4-

236 268 344 310 Nam
370 274 411 308 et
437 268 595 308 fuerunt
622 274 662 308 et
689 274 791 320 sunt,
819 268 887 323 qui
915 269 1010 310 talia
1028 281 1186 323 quoque
1204 274 1273 310 aut
1291 269 1400 311 casui
1419 275 1488 311 aut
1514 274 1653 313 attrac-

235 337 353 377 tionis
374 342 413 376 et
431 336 663 391 repulsionis
691 337 855 391 aliisque
874 336 915 377 id
933 337 1091 391 generis
1117 336 1266 379 viribus
1284 338 1472 380 tribuant.
1510 338 1652 393 Itaque

237 404 539 459 progrediamur
573 404 623 444 ad
657 403 942 445 consideranda
978 410 1211 458 argumenta
1246 418 1293 446 ea
1321 419 1423 460 quae
1456 404 1495 445 in
1522 405 1652 458 physi-

237 488 370 514 corum
405 472 494 513 libri
532 472 695 513 secundi
730 474 856 527 capite
889 479 1029 513 octavo
1069 472 1274 526 proponit,
1316 472 1381 514 ubi
1395 473 1424 527 ¹)
1468 473 1652 526 „Dubita-

236 540 420 591 tionem“‚
449 539 515 590 ait,
546 540 742 592 „exhibet,
778 539 872 593 quid
900 539 1101 592 impediat,
1130 538 1336 593 quominus
1363 546 1544 582 naturam
1571 554 1650 580 non

236 607 398 649 alicuius
436 607 492 647 rei
527 622 645 648 causa
680 607 833 662 operari
870 620 1000 661 neque
1033 606 1073 647 id
1108 607 1266 648 efficere
1303 606 1408 661 quod
1436 607 1573 648 melius
1601 606 1653 647 sit

237 682 467 726 statuamus,
497 675 566 715 sed
587 675 715 716 omnia
735 676 866 715 facere
885 675 1120 726 necessario,
1133 663 1474 729 'quemadmodum
1491 674 1652 729 Jupiter

235 757 313 783 non
342 743 454 796 pluit,
483 749 526 783 ut
554 749 707 796 segetes
735 748 925 793 crescant,
961 743 1029 782 sed
1056 743 1293 783 necessario.
1347 742 1451 782 Nam
1477 741 1518 781 id
1545 742 1650 796 quod

235 825 390 851 sursum
418 810 540 850 latum
570 815 629 850 est
656 824 817 851 necesse
846 816 906 851 est
932 810 1164 863 refrigescat
1190 816 1309 864 atque
1335 808 1509 860 decidat,
1547 815 1650 864 post-

236 892 351 931 quam
383 877 655 929 refrigeratum
676 883 716 916 et
733 878 773 917 in
794 892 937 931 aquam
964 883 1246 917 commutatum
1266 883 1335 917 est.
1382 876 1499 925 Quod
1518 883 1648 917 autem

236 958 282 984 eo
317 944 420 983 facto
454 932 608 996 segetes
647 951 845 994 crescunt,
883 945 922 984 id
956 959 1028 998 per
1063 944 1243 985 accidens
1280 944 1336 983 fit.
1392 943 1499 992 Quid
1530 943 1652 996 igitur

235 1010 420 1066 impedit,
449 1011 657 1065 quominus
688 1012 825 1053 eadem
854 1012 1006 1052 ratione
1036 1013 1152 1052 etiam
1182 1019 1313 1066 partes
1340 1026 1472 1052 rerum
1499 1017 1652 1051 natura·

234 1080 328 1120 lium
358 1093 400 1119 se
429 1079 618 1131 habeant,
655 1080 774 1120 veluti
810 1081 1017 1134 quominus
1054 1080 1191 1121 dentes
1225 1080 1401 1120 oriantur
1428 1078 1649 1120 necessario

235 1147 426 1201 primores
463 1147 621 1201 quidem
659 1147 761 1187 acuti
771 1178 782 1199 ,
819 1148 875 1187 ita
910 1153 954 1188 ut
988 1147 1118 1188 idonei
1157 1147 1234 1188 sint
1271 1147 1367 1187 cibis
1395 1146 1648 1196 dissecandis,

233 1213 395 1268 genuini
423 1220 552 1255 autem
582 1215 780 1269 planiores
809 1221 848 1255 et
876 1215 925 1255 ad
953 1214 1157 1256 molendos
1185 1215 1292 1256 cibos
1321 1215 1419 1268 apti,
1454 1229 1543 1256 cum
1570 1227 1649 1255 non

234 1282 284 1321 ob
314 1296 398 1321 eam
429 1296 586 1321 causam
621 1282 720 1321 tales
754 1282 847 1321 facti
885 1282 979 1333 sint,
1017 1282 1087 1322 sed
1114 1283 1154 1322 id
1183 1296 1262 1321 una
1289 1282 1485 1330 evenerit,
1521 1281 1650 1321 simili·

233 1355 372 1403 terque
422 1349 540 1388 etiam
584 1349 622 1388 in
664 1348 825 1403 reliquis
868 1349 1041 1402 corporis
1087 1348 1266 1401 partibus
1308 1362 1371 1388 res
1412 1363 1454 1388 se
1480 1344 1650 1399 'babeat,

232 1417 271 1456 in
302 1416 445 1470 quibus
473 1416 563 1456 finis
591 1417 719 1456 inesse
747 1416 860 1456 nobis
887 1415 1077 1456 videtur?
1129 1416 1235 1457 Nam
1262 1416 1423 1457 credere
1450 1416 1554 1466 licet,
1582 1414 1647 1455 ubi

236 1491 403 1524 cunctae
437 1490 570 1537 partes
606 1484 811 1523 evenerint
843 1484 962 1534 tales,
996 1483 1131 1537 quales
1166 1484 1302 1534 etiam,
1339 1483 1371 1522 si
1400 1483 1562 1523 alicuius
1590 1482 1648 1522 rei

235 1565 353 1590 causa
382 1551 643 1600 exstitissent,
680 1564 727 1589 ea
763 1549 921 1604 quidem
956 1564 1123 1604 corpora
1151 1556 1384 1591 conservata
1417 1563 1524 1600 esse,
1561 1564 1649 1590 cum

233 1624 374 1671 sponte
403 1625 488 1658 orta
516 1619 594 1658 sint
621 1618 774 1667 idonea,
804 1630 1065 1672 quaecunque
1084 1623 1214 1658 autem
1242 1631 1367 1668 secus,
1397 1623 1436 1658 et
1454 1617 1648 1657 interiisse

233 1690 271 1723 et
295 1684 472 1735 interire,
510 1685 840 1738 quemadmodum
870 1684 1033 1737 periisse
1061 1684 1326 1738 Empedocles
1354 1683 1450 1723 dicit
1476 1683 1598 1723 boves
1625 1698 1650 1723 a

231 1752 360 1805 priore
388 1758 500 1806 parte
527 1752 566 1792 in
597 1753 796 1793 hominum
824 1751 1118 1793 similitudinem
1146 1751 1446 1793 conformatos.“

337 1819 490 1867 Quibus
518 1822 705 1860 extremis
734 1820 905 1860 breviter
934 1826 973 1859 et
1002 1820 1170 1860 obscure
1189 1819 1432 1872 significatur
1450 1818 1550 1858 ratio
1571 1832 1649 1872 qua

232 1886 496 1940 Empedocles
526 1888 661 1928 mundi
691 1901 902 1940 rerumque
930 1901 1032 1940 quae
1070 1887 1111 1928 in
1138 1901 1184 1927 eo
1211 1887 1344 1927 insunt
1371 1891 1500 1926 ortum
1529 1885 1649 1939 expli-

233 1968 324 1992 care
352 1953 568 2004 studuerat,
599 1954 708 1994 cuius
737 1954 931 2007 opinionis
960 1954 1127 2007 vestigia
1155 1968 1257 2007 quae
1282 1953 1323 1992 in
1349 1952 1475 2006 capite
1504 1951 1552 1992 de
1571 1966 1648 2005 quo

233 2020 387 2074 agimus
417 2027 454 2060 et
482 2021 604 2074 Phys.
626 2023 680 2073 Π,
698 2023 736 2062 4.
761 2022 833 2062 196
854 2036 877 2062 a
896 2021 1065 2074 20seqq.
1097 2020 1347 2074 reperiuntur
1374 2018 1521 2073 optime
1549 2033 1650 2060 com-

229 2088 361 2142 posuit
380 2088 782 2142 Trendelenburgius,
811 2089 880 2128 Vir
900 2087 1100 2139 Summus,
1128 2088 1167 2127 in
1197 2088 1300 2128 hunc
1319 2088 1401 2127 fere
1421 2085 1579 2125 modum
1594 2085 1647 2138 ¹):

232 2157 362 2207 „Dum
392 2170 500 2195 amor
529 2162 568 2195 et
597 2155 740 2206 odium,
768 2156 806 2195 h.
829 2170 862 2195 e.
892 2157 995 2196 vires
1016 2156 1299 2209 coniungentes
1319 2160 1359 2194 et
1377 2153 1659 2204 dissolventes,

229 2223 333 2262 inter
371 2236 412 2262 se
451 2229 625 2272 certant,
670 2224 864 2263 elementa
899 2222 1094 2277 quaedam
1129 2228 1168 2262 et
1208 2222 1359 2276 figurae
1400 2226 1647 2261 concurrunt·

232 2290 344 2338 Quae
379 2290 412 2330 si
454 2291 508 2330 ita
543 2290 798 2342 conveniunt,
840 2297 882 2331 ut
923 2297 1130 2346 postquam
1172 2293 1460 2330 concreverunt
1499 2288 1647 2328 servari

229 2364 439 2412 nequeant,
469 2373 532 2399 res
562 2373 611 2399 ex
640 2358 686 2398 iis
715 2359 956 2413 compositae
983 2373 1119 2399 rursus
1147 2362 1324 2411 pereunt,
1353 2361 1488 2396 contra
1515 2362 1648 2410 partes

230 2439 330 2477 quae
358 2425 461 2466 inter
488 2440 530 2466 se
558 2426 772 2467 concinunt
798 2432 917 2479 atque
944 2426 1010 2477 ita,
1040 2431 1084 2465 ut
1112 2423 1336 2466 conservari
1364 2423 1532 2477 possint,
1561 2437 1648 2464 con·

319 2582 341 2622 ¹)
365 2581 413 2615 cf.
436 2593 466 2622 p.
488 2585 546 2614 198
564 2583 584 2614 b
604 2585 641 2614 16
652 2593 723 2624 sqq.

318 2637 340 2673 ¹)
368 2637 447 2676 Log.
472 2636 588 2667 Unters
623 2637 665 2675 11,
689 2647 722 2677 p.
740 2640 789 2668 63.
