1837 3017
815 172 1069 212 „42-

233 275 371 316 domo
413 291 464 317 ac
503 276 713 328 familia,
746 272 839 318 vubi
879 277 1107 331 ingenuis
1149 278 1341 319 minime
1380 278 1645 332 quod-fors

230 344 400 384 tulerit
428 346 586 385 facere
613 345 750 395 licet,
780 345 860 385 sed
888 346 960 384 his
979 345 1196 399 (ingenuis)
1214 346 1367 386 omnia
1394 346 1646 399 autplera-

231 426 323 465 que
360 418 492 453 certa
525 413 635 466 lege
671 414 938 454 constituta
975 420 1086 454 sunt
1125 413 1222 467 [scil.
1258 412 1411 454 ratione
1442 414 1519 454 τοῦ
1544 411 1645 455 ὅλου

229 481 302 533 τῆς
321 477 486 534 οἰκίας],
516 480 618 520 dum
647 481 902 534 mancipiis
931 486 978 520 et
1005 481 1294 521 animalibus
1323 480 1546 534 exiguum
1575 487 1646 521 est

231 549 355 600 quod
383 548 601 601 attingat
630 563 892 598 commune,
919 548 942 587 i.
972 563 1008 588 e.
1038 549 1196 589 domum
1223 549 1461 599 universam,
1489 550 1646 604 plera·

231 628 320 669 que
356 621 516 656 autem
557 616 603 656 in
642 631 759 656 casu
793 615 955 670 posita
995 621 1112 656 sunt.
1166 617 1270 656 Nam
1310 621 1444 655 certae
1476 616 1533 655 illi
1565 616 1645 670 legi

230 696 332 735 quae
360 684 543 736 ingenuis
570 685 719 737 scripta
748 690 819 733 est,
847 697 925 722 non
955 690 1046 723 sunt
1073 684 1247 724 obnoxia.
1276 684 1473 737 mancipia
1500 689 1540 723 et
1566 684 1646 723 ani-

228 750 347 790 malia
374 750 600 791 domestica.
643 750 760 790 Tale
789 750 913 790 enim
940 750 1233 804 principium
1260 750 1645 804 uniuscuiusque

228 831 396 858 eorum
430 825 504 858 est
540 824 738 868 natura,
776 817 799 857 i.
830 832 864 857 e.
902 832 1021 857 causa
1058 818 1172 858 huius
1207 818 1441 858 discriminis
1467 817 1508 857 in
1535 818 1646 858 varia

228 885 471 938 singularum
499 900 630 925 rerum
657 892 799 925 natura
825 886 953 939 posita
980 891 1057 925 est:
1079 900 1189 939 ‘suus
1224 885 1328 927 enim
1368 885 1508 938 cuique
1533 885 1644 924 loeus

228 966 274 992 ac
318 967 391 992 sua
431 953 574 1007 cuique
619 952 764 1007 agendi
809 953 910 993 ratio
956 967 1027 1006 pro
1072 959 1239 994 naturae
1284 952 1510 994 diversitate
1554 952 1645 992 assi-

227 1025 351 1071 gnata
376 1027 448 1059 est.

331 1086 416 1128 Iam
446 1102 470 1127 a
497 1087 750 1128 similitudine
787 1087 925 1129 domus
963 1088 1065 1129 redit
1092 1088 1327 1128 Aristoteles
1363 1087 1414 1127 ad
1451 1087 1642 1128 rationem

226 1154 375 1194 mundi.
431 1155 601 1196 Omnia
636 1157 757 1196 enim
786 1156 1129 1196 discernantur
1155 1169 1355 1196 necesse
1383 1161 1469 1195 est.
1526 1154 1642 1203 Quod

226 1221 412 1262 scribitur
439 1221 545 1275 λέγω
572 1219 613 1263 δ’
645 1216 748 1274 οἷον,
777 1224 814 1263 h.
842 1223 867 1263 l.
897 1238 949 1263 ex
976 1223 1292 1277 frequentissimo
1321 1223 1544 1264 Aristotelis
1570 1237 1643 1263 usu

228 1289 480 1342 explicationi
522 1305 656 1330 eorum
698 1304 801 1344 quae
846 1290 963 1331 modo
1004 1291 1109 1331 dicta
1151 1296 1242 1330 sunt
1276 1291 1453 1339 inservit.
1508 1291 1643 1330 Verbo

227 1356 498 1411 διακριθῆναι
531 1359 762 1399 varietatem
800 1358 999 1412 quandam
1036 1363 1076 1398 et
1113 1358 1380 1398 diversitatem
1416 1359 1641 1411 significari,

225 1425 386 1477 planum
424 1432 503 1465 est:
545 1425 654 1466 cuius
690 1426 797 1466 modi
831 1439 880 1465 ea
913 1425 981 1475 sit,
1023 1424 1197 1465 dubium.
1253 1425 1333 1466 Sed
1367 1425 1432 1465 hic
1469 1425 1642 1479 quidem,

227 1492 320 1545 quia
345 1492 605 1547 interpretum
630 1494 698 1547 qui
716 1493 775 1533 -de
802 1494 878 1533 hoc
904 1494 991 1533 loco
1018 1492 1287 1532 disseruerunt
1314 1493 1528 1533 sententias
1555 1507 1644 1533 exaf

226 1559 462 1600 minabimus
494 1562 596 1601 infra
610 1563 653 1612 ¹),
689 1562 801 1602 nobis
838 1561 933 1615 quid
969 1561 1152 1600 videatur
1184 1561 1224 1600 in
1258 1561 1430 1601 medium
1466 1562 1643 1614 proferre

226 1626 321 1666 satis
346 1627 550 1668 habemus.
607 1630 651 1670 Si
685 1629 976 1669 similitudinem
1010 1628 1118 1668 illam
1148 1642 1266 1680 quam
1295 1642 1318 1667 a
1346 1628 1462 1668 domo
1489 1629 1529 1668 in
1556 1643 1644 1683 pro·

223 1694 340 1734 ximis
368 1695 564 1747 petiverat
590 1696 845 1749 philosophus
881 1695 1009 1735 adhuc
1043 1695 1312 1746 meminimus,
1352 1694 1402 1734 ad
1434 1695 1643 1736 necessitu-

224 1761 326 1802 dinis
355 1765 585 1804 varietatem
625 1778 727 1818 quae
763 1764 928 1818 singulis
961 1763 1079 1803 rebus
1109 1777 1198 1803 cum
1235 1769 1317 1803 toto
1345 1762 1569 1816 intercedit,
1603 1769 1643 1804 et

226 1831 275 1869 ad
304 1831 572 1870 diversitatem
609 1832 754 1884 agendi
784 1846 885 1884 quae
913 1847 964 1872 ex
991 1833 1060 1871 illa
1093 1830 1241 1884 pendet
1277 1831 1407 1870 animo
1434 1830 1643 1871 informan-

226 1896 318 1938 dam
351 1899 634 1939 sententiarum
668 1905 806 1939 tenore
841 1899 1031 1939 ducimur.
1089 1896 1301 1949 „Omnia,“
1331 1896 1476 1951 inquit,
1515 1899 1643 1951 „inter

226 1978 268 2004 se
297 1964 571 2005 discernantur
590 1979 753 2005 necesse
773 1966 869 2016 est‚“
900 1967 976 2005 hoc
995 1971 1124 2017 pacto,
1158 1972 1214 2015 ut,
1243 1965 1574 2018 quemadmodum
1601 1967 1642 2006 in

225 2032 341 2073 domo
371 2047 443 2073 sua
471 2032 613 2087 cuique
647 2033 851 2087 provincia
886 2033 1088 2087 assignata
1125 2037 1203 2082 est,
1238 2032 1294 2072 ita
1319 2033 1360 2072 in
1388 2032 1533 2080 mundo
1562 2034 1642 2074 uni-

225 2116 338 2142 verso
367 2116 481 2142 suum
510 2101 684 2156 quidque
703 2102 832 2142 locum
852 2116 941 2141 cum
966 2107 1108 2141 natura
1126 2114 1197 2140 sua
1217 2107 1497 2153 congruentem
1518 2116 1643 2142 suam-

198 2183 301 2223 ,que
330 2169 475 2223 agendi
502 2169 695 2210 rationem
724 2170 900 2210 obtineat
928 2175 967 2210 et
995 2174 1164 2210 tueatur.
1568 2168 1570 2171 ’

226 2324 290 2368 οὐχ
321 2325 435 2369 ὥσπερ
463 2329 526 2361 νῦν
553 2325 681 2360 τούτων
710 2324 811 2359 οὐδὲν
840 2330 991 2369 γίγνεται
1020 2327 1099 2368 περὶ
1128 2323 1241 2360 αὐτόν.
1288 2328 1387 2369 Gorg.
1416 2330 1530 2361 522A:
1567 2328 1643 2366 τούς

224 2378 409 2416 νεωτάτους
438 2379 535 2424 ὑμῶν
570 2381 766 2423 διαφθείρει
795 2382 925 2423 τέμνων
959 2391 994 2412 τε
1023 2381 1081 2411 καὶ
1111 2377 1204 2411 κάων
1234 2398 1296 2412 -.
1333 2379 1397 2421 οὐχ
1427 2381 1540 2424 ὥσπερ
1576 2382 1643 2424 ἐγὼ

224 2434 334 2466 πολλὰ
359 2435 417 2467 καὶ
439 2433 523 2476 ἡδέα
545 2437 604 2467 καὶ
626 2433 832 2468 παντοδαπὰ
853 2432 1002 2477 εὐώχουν
1026 2432 1123 2477 ὑμᾶς,
1146 2433 1204 2464 ubi
1228 2443 1260 2464 v.
1283 2434 1448 2469 Heindorf.
1477 2437 1642 2478 Protagor.

226 2490 284 2520 341
310 2490 358 2519 A:
396 2485 535 2531 ἄπειρος
562 2488 649 2521 εἶναι
679 2489 807 2530 φαίνει,
838 2487 900 2530 οὐχ
927 2487 1041 2528 ὥσπερ
1070 2486 1136 2529 ἐγώ
1167 2487 1325 2530 ἔμπειρος
1352 2488 1408 2520 διὰ
1431 2487 1468 2520 τὸ
1490 2486 1642 2531 μαθητὴς

225 2541 320 2575 εἶναι.
353 2544 517 2584 Aristoph.
534 2545 658 2584 Equitt.
684 2553 716 2574 v.
742 2544 818 2573 ⁷84:
843 2541 882 2574 οὐ
906 2543 1075 2586 φροντίζει
1098 2542 1248 2585 σκληρῶς
1267 2552 1303 2575 σε
1319 2540 1514 2586 καθήμενον
1530 2539 1642 2583 οὕτως,

228 2594 290 2637 οὐχ
313 2594 427 2641 ὥσπερ
451 2596 517 2639 ἐγὼ
541 2592 742 2642 ῥαψάμενός
764 2605 818 2627 σοι
839 2597 930 2629 τουτὶ
953 2599 1060 2641 φέρω.

317 2651 339 2690 ¹)
362 2652 434 2682 vid.
458 2661 583 2684 excurs.
609 2652 651 2686 11.
