1837 3017
802 169 1054 209 -74-

219 279 364 328 potest.
420 276 503 315 Iam
531 275 606 314 duo
634 275 799 327 cogitari
825 280 1000 328 possunt.
1055 274 1103 314 Id
1130 274 1233 314 enim
1261 289 1339 328 quo
1366 274 1547 316 notiones
1572 274 1627 315 in-

221 342 391 395 tellegit,
420 344 456 381 h.
477 356 512 381 e.
538 342 841 392 intellectivum,
869 342 917 382 ab
945 355 990 380 eo
1018 355 1096 394 quo
1124 342 1294 394 percipit
1318 355 1383 381 res
1409 349 1626 391 concretas,

222 409 258 448 h.
279 423 313 449 e.
341 423 362 448 a
390 408 595 460 sensitivo‚
634 415 703 449 aut
736 409 952 451 substantia
985 414 1054 448 aut
1080 414 1233 449 tantum
1260 408 1374 448 modo
1404 415 1443 449 et
1469 410 1626 450 notione

223 476 365 516 differt.
420 476 521 516 Cum
549 490 644 516 vero
672 478 851 517 notiones
878 491 902 516 a
928 475 1092 515 materia
1128 476 1324 514 seiunctae
1351 475 1446 526 sint,
1481 476 1521 516 id
1549 490 1626 530 quo

223 557 289 582 eas
313 543 680 597 comprehendimus
701 551 740 585 et
757 546 881 598 ipsum
903 543 1069 583 materia
1088 549 1219 583 careat
1236 550 1486 602 necesselest.
1517 544 1626 596 Ergo

219 610 500 650 intellectivum
527 613 713 653 materiae
740 625 898 665 prorsus
922 610 1096 651 immune
1130 616 1188 650 est
1215 615 1332 663 atque
1358 611 1576 652 substantia
1603 626 1627 652 a

221 678 405 717 sensitivo
446 678 594 728 differt,
627 687 672 719 ut
708 679 812 731 quod
845 693 932 718 cum
966 678 1133 717 materia
1164 677 1214 716 sit
1241 677 1504 718 coniunctum.
1559 679 1628 719 Sic

220 744 269 784 ab
298 744 540 785 obiectorum
571 752 712 786 natura
740 759 903 785 exorsus
924 745 1157 785 Aristoteles
1175 744 1437 784 subiectorum
1455 744 1626 786 indolem

219 811 460 850 constituere
498 812 639 851 studet,
695 813 769 854 Cui
802 812 941 852 rationi
978 826 1137 865 prorsus
1165 812 1361 851 contraria
1389 817 1449 851 est
1476 825 1523 851 ea
1550 826 1627 865 qua

217 877 332 918 Plato
359 878 482 921 utitur
510 879 611 918 Tim.
640 894 680 932 p.
698 880 748 918 51
762 880 812 919 D.
833 879 873 931 ¹).

323 946 551 986 Intellectus
590 952 740 996 autem,
775 946 808 985 si
834 946 1083 986 Aristotelem
1110 946 1322 1000 sequimur,
1357 960 1436 988 non
1472 952 1624 987 tantum

219 1013 416 1064 cogitandi
446 1019 484 1051 et
512 1012 768 1066 intellegendi
795 1014 961 1053 facultas
1000 1019 1076 1063 est,
1114 1027 1252 1054 verum
1287 1015 1404 1054 etiam
1439 1014 1627 1067 intellegi·

217 1080 325 1130 bilis;
352 1085 412 1120 est
441 1080 543 1120 enim
570 1080 747 1120 notiones
775 1081 898 1134 ipsae.
940 1082 1125 1120 Attamen
1153 1081 1310 1121 innatae
1329 1095 1398 1121 eae
1418 1095 1495 1120 non
1523 1087 1625 1132 sunt,

217 1147 272 1186 ita
300 1153 342 1186 ut
370 1148 494 1186 omnis
529 1148 715 1200 cogitatio
749 1148 804 1187 nil
839 1148 889 1187 sit
916 1149 990 1187 nisi
1018 1148 1236 1188 recordatio
1250 1148 1294 1200 ²),
1330 1148 1398 1188 sed
1433 1148 1482 1188 ab
1515 1148 1625 1192 initio

216 1228 343 1267 capax
369 1220 522 1254 tantum
550 1220 609 1253 est
633 1214 832 1255 notionum
851 1215 935 1255 sive
954 1216 1164 1256 formarum
1183 1215 1509 1270 recipiendarum,
1536 1220 1625 1255 actu

216 1289 348 1322 autem
375 1288 419 1322 ut
442 1282 623 1322 notiones
650 1282 783 1332 insint,
812 1283 896 1335 ipse
925 1289 1108 1336 operetur
1135 1296 1295 1323 necesse
1315 1289 1373 1323 est
1384 1283 1427 1335 ³).
1471 1282 1624 1322 Primus

217 1350 375 1403 quidem
404 1349 624 1390 intellectus
651 1356 776 1390 status
813 1357 872 1390 est
881 1381 892 1401 ‚
928 1357 971 1390 ut
1004 1365 1111 1391 mera
1145 1351 1196 1391 sit
1224 1350 1420 1403 cogitandi
1447 1350 1625 1400 facultas,

217 1417 338 1458 utitur
366 1423 495 1457 autem
517 1418 554 1456 vi
582 1417 743 1471 propria
763 1424 802 1457 et
822 1418 950 1468 insita,
981 1433 1058 1471 qua
1084 1420 1263 1459 notiones
1290 1419 1513 1471 formasque
1540 1432 1626 1470 pro-

310 1591 332 1630 ¹)
356 1592 399 1622 Εἰ
420 1590 485 1634 μὲν
507 1592 586 1626 νοῦς
613 1591 671 1622 καὶ
699 1588 781 1626 δόξα
812 1589 937 1631 ἀληθὴς
965 1588 1063 1624 ἐστὸν
1090 1588 1151 1623 δύο
1174 1592 1272 1633 γένη,
1302 1586 1519 1622 παντάπασιν
1542 1588 1628 1622 εἶναι

217 1642 299 1676 καθ’
325 1642 411 1676 αὐτὰ
433 1645 556 1685 ταῦτα,
586 1643 775 1683 ἀναίσθητα
800 1642 862 1685 ὑφ’
887 1642 983 1686 ἡμῶν
1004 1643 1094 1684 εἴδη,
1125 1641 1294 1686 νοούμενα
1321 1641 1447 1685 μόνον’
1471 1644 1501 1674 εἰ
1523 1642 1558 1674 ‹5’
1583 1640 1626 1678 ὥς

216 1707 280 1730 τισι
303 1700 478 1741 φαίνεται,
509 1695 592 1733 δόξα
616 1695 743 1737 ἀληθὴς
764 1697 827 1729 νοῦ
850 1696 1004 1741 διαφέρει
1026 1696 1062 1730 τὸ
1085 1697 1204 1740 μηδέν,
1233 1694 1342 1729 πανθ’
1368 1693 1479 1727 ὁπόσα
1503 1693 1546 1727 αὖ
1569 1695 1626 1727 διὰ

213 1753 273 1785 τοῦ
295 1750 450 1796 σώματος
465 1749 715 1794 αἰσθανόμεθα,
738 1753 856 1784 θετέον
871 1748 1080 1792 βεβαιότατα.
1104 1749 1165 1784 δύο
1182 1749 1224 1792 δὴ
1239 1752 1372 1784 λεκτέον
1389 1750 1518 1791 ἐκείνω,
1540 1748 1626 1783 διότι

209 1808 315 1849 χωρὶς
336 1804 523 1849 γεγόνατον
545 1802 715 1848 ἀνομοίως
740 1815 774 1836 τε
797 1804 921 1846 ἔχετον.
948 1803 985 1837 τὸ
1014 1805 1168 1848 μὲνγὰρ
1191 1802 1300 1836 αὐτῶν
1323 1802 1378 1835 διὰ
1402 1803 1559 1845 διδαχῆς,
1587 1803 1624 1837 τὸ

215 1860 249 1892 δ’
275 1858 342 1892 ὑπὸ
367 1860 506 1894 πειθοῦς
532 1857 613 1901 ἡμῖν
642 1858 848 1900 ἐγγίγνεται·
876 1860 934 1889 καὶ
955 1857 991 1890 τὸ
1014 1858 1080 1901 μὲν
1103 1857 1155 1890 ἀεὶ
1175 1856 1259 1900 μετὰ
1280 1855 1427 1897 ἀληθοῦς
1450 1855 1565 1899 λόγου,
1588 1856 1624 1890 τὸ

215 1914 252 1946 δὲ
277 1909 422 1954 ἄλογον·
446 1914 503 1944 καὶ
525 1911 561 1944 τὸ
584 1911 650 1955 μὲν
674 1910 834 1950 ἀκίνητον
856 1914 990 1950 πειθοῖ,
1013 1910 1050 1943 τὸ
1074 1910 1113 1943 δὲ
1135 1909 1375 1950 μεταπειστόν·
1399 1913 1456 1942 καὶ
1477 1911 1538 1943 τοῦ
1558 1911 1625 1954 μὲν
1687 1944 1689 1947 ,

214 1964 324 1999 πάντα
348 1961 458 2010 ἄνδρα
479 1968 628 2008 μετέχειν
652 1966 791 2008 φατέον,
814 1965 878 1997 νοῦ
899 1964 937 1996 δὲ
954 1963 1063 2004 θεοὺς,
1086 1962 1280 2006 ἀνθρώπων
1295 1963 1334 1995 δὲ
1348 1965 1444 2005 γένος
1459 1963 1568 2006 βραχύ
1583 1977 1622 1997 τι.

212 2019 339 2053 τούτων
363 2020 402 2052 δὲ
426 2017 530 2055 οὕτως
559 2017 706 2060 ἐχόντων
735 2016 961 2060 ὁμολογητέον
989 2017 1026 2050 ἓν
1047 2017 1113 2061 μὲν
1143 2017 1229 2050 εἶναι
1251 2015 1287 2048 τό
1311 2015 1394 2048 κατὰ
1417 2013 1524 2049 ταύτὰ
1547 2018 1626 2060 ἕχον

213 2073 310 2112 εἶδος,
332 2071 518 2115 ἀγέννητον
540 2074 597 2104 καὶ
618 2070 825 2115 ἀνώλεθρον,
851 2067 926 2104 οὔτε
943 2073 987 2107 εἰς
1003 2069 1102 2103 ἑαυτὸ
1127 2068 1366 2113 εἰσδεχόμενον
1382 2067 1463 2102 ἄλλο
1480 2067 1626 2105 ἄλλοθεν

215 2123 288 2159 οὕτε
312 2125 393 2159 αὐτὸ
418 2129 464 2162 εἰς
485 2123 566 2158 ἄλλο
588 2137 647 2157 ποι
662 2124 727 2165 ἰόν,
751 2124 899 2167 ἀόρατον
922 2124 1032 2156 δὲκαὶ
1049 2119 1157 2158 ἄλλως
1179 2121 1397 2163 ἀναίσθητον,
1421 2125 1517 2156 τοῦτο
1541 2122 1561 2156 δ’
1584 2124 1624 2167 δὴ

212 2178 324 2220 νόησις
355 2182 483 2222 εἴληχεν
513 2179 721 2212 ἐπισκοπεῖν·
752 2178 788 2211 τὸ
819 2178 855 2211 δ’
886 2176 1070 2221 ὁμώνυμον
1101 2175 1221 2220 ὅμοιόν
1251 2187 1284 2209 τε
1313 2178 1426 2218 ἐκείνῳ
1456 2175 1623 2222 δεύτερον,

213 2233 395 2275 αἰσθητόν,
424 2232 603 2276 γεννητόν,
633 2235 875 2276 πεφορημένον
905 2230 977 2271 ἀεί,
1004 2229 1210 2274 γιγνόμενόν
1238 2242 1272 2263 τε
1303 2230 1340 2263 ἔν
1369 2241 1433 2263 τινι
1454 2230 1545 2274 τόπῳ
1567 2235 1625 2265 καὶ

213 2287 316 2322 πάλιν
339 2289 468 2321 ἐκεῖθεν
492 2284 740 2330 ἀπολλύμενον,
764 2285 843 2330 δόξῃ
867 2283 940 2330 μετ’
967 2283 1155 2326 αῐσθήσεως
1178 2282 1391 2328 περιληπτόν.

304 2360 329 2398 ²)
353 2360 403 2390 De
431 2360 530 2389 anim.
554 2358 623 2394 ΙΙΙ,
656 2361 684 2388 5.
715 2358 775 2386 430
792 2357 881 2386 223:
916 2352 955 2385 οὐ
981 2351 1241 2396 μνημονεύομεν
1270 2353 1325 2391 δέ,
1357 2351 1406 2385 ὅτι
1434 2356 1531 2387 τοῦτο
1559 2356 1624 2398 μὲν

214 2410 357 2451 ἀπαθές,
381 2409 398 2444 ὁ
424 2410 462 2442 δὲ
486 2408 673 2449 παθητικὰς
696 2407 775 2442 νοῦς
798 2405 961 2449 φθαρτός,
983 2409 1039 2438 καὶ
1061 2402 1140 2439 ἄνευ
1163 2403 1282 2437 τούτου
1306 2403 1408 2439 οὐθὲν
1430 2411 1510 2441 νοεῖ.

302 2475 325 2515 ³)
354 2477 393 2507 L.
417 2476 438 2506 1.
463 2476 521 2513 111,
546 2478 576 2506 4.
600 2476 662 2505 429
679 2483 700 2503 a
716 2475 772 2503 27:
796 2473 852 2502 καὶ
868 2468 903 2503 εὖ
921 2470 962 2512 δὴ
979 2473 1011 2502 οἱ
1031 2473 1184 2512 λέγοντες
1205 2468 1263 2509 τὴν
1286 2469 1397 2512 ψυχὴν
1412 2471 1498 2505 εἶναι
1519 2470 1626 2505 τόπον

217 2530 326 2568 εἰδῶν,
357 2528 444 2569 πλὴν
465 2526 516 2560 ὅτι
546 2524 621 2559 οὔτε
649 2525 709 2565 ὅλη
737 2522 815 2555 ἀλλ’
840 2523 858 2564 ἡ
881 2523 1028 2565 νοητική,
1060 2522 1134 2556 οὔτε
1163 2523 1345 2566 ἐντελεχείᾳ
1373 2522 1459 2557 ἀλλὰ
1482 2524 1624 2569 δυνάμει

216 2582 255 2614 τὰ
279 2582 362 2622 εἴδη.
395 2586 424 2614 4.
449 2584 512 2613 429
528 2592 547 2613 ι
564 2584 618 2612 22:
643 2579 660 2611 ὁ
685 2578 751 2620 ἄρα
774 2576 980 2622 καλούμενος
1004 2579 1058 2618 τῆς
1081 2577 1190 2618 ψυχῆς
1205 2579 1283 2613 νοῦς
1299 2577 1400 2612 οὐθέν
1422 2579 1512 2613 ἔστιν
1534 2580 1626 2623 ἐνερ-

214 2638 288 2679 γείᾳ
310 2637 376 2669 τῶν
400 2631 507 2668 ὄντων
530 2635 611 2677 πρὶν
634 2635 738 2667 νοεῖν.
