1837 3017
807 185 1056 226 -14-

329 290 483 330 Eadem
524 295 655 329 autem
696 289 795 329 ratio
838 290 956 331 etiam
995 291 1035 331 in
1073 305 1204 332 rerum
1247 298 1388 333 natura
1429 293 1579 335 obtinet
1594 293 1637 347 ¹).

225 358 367 412 Itaque
397 358 534 398 domus
563 358 595 396 si
626 363 729 397 esset
756 369 892 397 eorum
921 372 1022 411 quae
1058 364 1201 398 natura
1237 359 1465 413 gignuntur,
1501 359 1640 402 eadem

227 440 388 479 prorsus
417 431 535 478 atque
564 438 667 464 nunc
696 439 767 478 per
794 430 920 465 artem
948 425 1099 465 ratione
1127 433 1305 467 oreretur
1316 426 1359 478 ²).
1402 427 1640 482 Exemplum

228 501 358 534 autem
393 507 415 532 e
448 498 590 531 natura
630 494 818 545 petitum,
861 507 938 545 quo
979 494 1090 533 illum
1130 493 1379 546 cogitationis
1416 509 1640 549 regressum

227 568 345 616 atque
381 573 636 614 progressum
674 566 781 599 ortus
819 559 1127 611 demonstraret,
1162 561 1416 616 philosophus
1449 576 1528 602 non
1556 576 1641 616 pro-

226 629 369 682 posuit.
426 627 549 668 Cuius
577 627 635 666 rei
662 642 780 667 causa
807 627 932 666 facilis
961 634 1020 667 est
1055 628 1265 669 intellectu.
1320 629 1368 668 In
1396 629 1640 669 naturalibus

227 697 330 745 enim
358 695 476 736 rebus
503 693 608 734 unde
635 694 763 733 forma
790 694 946 746 operari
972 694 1152 749 incipiat,
1179 695 1374 750 hodieque
1400 696 1640 749 ignoramus.

226 764 345 812 Quod
375 770 506 803 autem
541 761 817 814 philosophus,
855 768 899 820 ut
925 762 1118 802 rationem
1151 771 1280 813 ortus,
1316 777 1417 816 quae
1444 764 1483 803 in
1512 777 1641 803 rerum

226 839 367 872 natura
399 829 593 876 obtineat,
628 827 887 880 demonstret,
930 828 1073 869 iterum
1110 829 1330 885 iterumque
1363 836 1554 885 provocat
1592 829 1641 870 ad

207 889 351 939 'artem
381 897 660 950 hominumque
689 889 882 947 actiones,
920 897 955 936 ei
989 897 1096 937 aliud
1130 897 1225 951 quid
1253 904 1459 951 praeterea
1487 897 1642 937 videtur

225 967 399 1007 subesse.
455 964 615 1005 Etenim
651 977 723 1004 nos
750 963 825 1018 ipsi
853 964 927 1004 nisi
962 965 1060 1005 fines
1088 965 1201 1005 nobis
1235 978 1455 1019 proponere
1490 970 1530 1004 et
1556 977 1643 1018 per-

225 1033 338 1087 sequi
365 1046 583 1086 possemus,
612 1046 660 1071 ne
688 1031 728 1070 in
756 1032 874 1071 rebus
904 1033 1148 1072 naturalibus
1177 1032 1335 1085 quidem
1364 1038 1524 1072 causam*
1550 1033 1643 1071 fina-

224 1102 303 1141 lem
331 1113 660 1153 cognosceremus
675 1099 717 1150 ⁸),
752 1099 793 1138 id
831 1098 936 1153 quod
973 1099 1196 1152 philosophi
1225 1101 1346 1140 menti
1374 1100 1527 1140 videtur
1556 1102 1658 1138 esse*

226 1169 499 1218 obversatum,
534 1168 607 1207 etsi
641 1166 787 1206 diserte
820 1181 1015 1220 nusquam
1043 1166 1154 1207 dixit.
1207 1168 1394 1207 Attamen
1422 1168 1461 1207 in
1488 1173 1643 1207 natura-

224 1238 326 1277 libus
355 1250 512 1290 quoque
539 1235 657 1274 rebus
686 1234 944 1275 substantiam
963 1241 1002 1275 et
1019 1235 1186 1275 formam
1212 1236 1382 1288 primum
1409 1250 1495 1276 esse
1523 1241 1641 1289 atque

226 1305 463 1344 constituere
491 1302 646 1342 oriundi
674 1302 877 1352 rationem,
906 1303 1115 1342 manifesta
1141 1316 1206 1341 res
1226 1302 1351 1342 docet.
1395 1304 1499 1343 Nam
1526 1304 1641 1342 homo

226 1371 424 1412 hominem
452 1376 636 1423 procreat
667 1375 706 1409 et
740 1369 916 1422 plantam
954 1370 1100 1423 planta.
1157 1368 1294 1410 Oritur
1322 1369 1480 1423 quidem
1507 1369 1642 1424 planta

227 1452 249 1477 e
278 1438 428 1478 semine
456 1437 684 1491 pariterque
711 1437 845 1486 homo,
879 1437 950 1476 sed
985 1451 1121 1476 semen
1154 1437 1281 1490 ipsum
1309 1438 1530 1490 profectum
1558 1442 1643 1475 erat

228 1522 249 1547 e
276 1507 414 1560 planta
441 1506 518 1545 iam
545 1506 722 1559 perfecta
750 1511 790 1545 et
816 1505 1007 1554 absoluta,
1037 1519 1115 1558 quo
1141 1504 1196 1556 fit,
1224 1510 1268 1545 ut
1294 1505 1333 1545 in
1362 1505 1508 1546 semine
1536 1504 1641 1558 plan-

227 1579 291 1614 tae
329 1575 454 1613 forma
488 1573 600 1623 insit,
641 1572 696 1611 ita
730 1578 773 1611 ut
804 1571 871 1611 lex
904 1572 954 1611 sit
994 1585 1040 1611 ac
1080 1586 1219 1612 norma
1266 1586 1344 1626 qua
1382 1571 1568 1612 nascendi
1603 1577 1643 1611 et

227 1642 427 1682 crescendi
455 1642 555 1681 ratio
584 1640 768 1681 definitur
779 1640 824 1691 ⁴).
880 1639 999 1680 Unde
1026 1640 1105 1680 iam
1135 1654 1327 1694 apparere
1345 1646 1542 1693 putamus,
1572 1654 1641 1681 cur

225 1710 480 1764 philosophus
508 1709 674 1748 formam
701 1707 866 1747 materia
894 1714 1094 1748 carentem
1122 1714 1238 1748 vocet
1263 1707 1310 1749 τὸ
1336 1705 1377 1748 τί
1402 1703 1451 1762 ἦν
1478 1703 1638 1759 εἶναι’).

224 1778 330 1818 Nam
359 1778 487 1818 forma
515 1782 599 1817 erat
628 1782 718 1817 ante
745 1789 828 1816 rem
858 1782 1079 1816 concretam
1109 1782 1148 1817 et
1175 1790 1262 1817 eam
1291 1776 1546 1829 constituit⁸).

227 1909 356 1951 ὑγίειαν
384 1912 541 1951 γίνεσθαι
573 1909 630 1939 καὶ
659 1906 718 1947 τὴν
748 1909 859 1939 οὶκίαν
888 1908 922 1943 ἐξ
951 1910 1075 1948 οἰκίας,
1106 1909 1160 1948 τῆς
1189 1904 1270 1941 ἄνευ
1300 1907 1377 1948 ὕλης
1404 1909 1462 1950 τὴν
1494 1910 1640 1952 ἔχουσαν

227 1961 319 2003 ὓλην,
345 1960 363 2003 ἡ
387 1963 453 2004 γὰρ
478 1959 606 2003 ἴατρική
631 1960 699 1992 ἔσττ
724 1962 781 1991 καὶ
804 1960 1004 2004 οἰκοδομικὴ
1031 1960 1067 1993 τὸ
1099 1960 1188 1996 εἶδος
1209 1962 1265 2002 τῆς
1287 1959 1414 2004 ὑγιείας
1437 1964 1494 1994 καὶ
1516 1964 1571 2003 τῆς
1594 1965 1639 1994 ol-

227 2019 311 2052 κίας.
357 2018 406 2047 De
428 2020 508 2057 part.
533 2027 583 2049 an.
607 2017 632 2054 I,
661 2019 688 2046 l.
713 2018 774 2047 640
791 2026 810 2046 a
827 2018 877 2047 31.

320 2071 341 2110 ¹)
365 2071 415 2101 De
439 2074 520 2110 part.
544 2080 596 2100 an.
619 2070 645 2107 1,
672 2072 700 2100 1.
725 2072 786 2100 640
803 2070 824 2100 b
844 2072 874 2099 1:
906 2068 980 2100 ἐπεὶ
1002 2065 1034 2100 δ’
1061 2068 1130 2100 ἔστι
1152 2069 1316 2107 τοιοῦτον,
1340 2068 1398 2110 τὴν
1420 2071 1553 2111 γένεσιν
1577 2067 1639 2102 ὡδὶ

225 2125 282 2155 καὶ
306 2120 464 2163 τοιαύτην
488 2124 685 2164 συμβαίνειν
707 2119 908 2163 ἀναγκαῖον.
932 2120 985 2153 διὸ
1007 2123 1135 2163 γίνεται
1159 2122 1294 2163 πρῶτον
1316 2123 1382 2155 τῶν
1397 2125 1529 2167 μορίων
1550 2121 1639 2162 τόδε,

225 2176 294 2210 εἶτα
317 2173 395 2209 τόδε
419 2177 477 2208 καὶ
499 2176 619 2208 τοῦτον
643 2174 683 2216 δὴ
699 2175 757 2208 τὸν
773 2172 901 2218 τρόπον
917 2172 1044 2218 ὁμοίως
1059 2175 1116 2208 ἐπὶ
1131 2174 1268 2208 πάντων
1284 2177 1349 2209 τῶν
1370 2174 1471 2218 φύσει
1487 2186 1642 2210 συνιστα·

223 2231 347 2272 μένων.

315 2284 339 2323 ²)
362 2283 461 2324 Phys,
487 2284 529 2323 11,
554 2284 585 2314 8.
611 2284 671 2314 199
687 2293 707 2314 a
725 2286 774 2314 12.

320 2337 341 2376 ³)
367 2336 579 2369 Trendelenb.
602 2337 682 2376 Log.
706 2337 831 2369 Unters.
854 2337 898 2375 11,
921 2347 953 2377 p.
971 2338 1021 2368 69.

314 2390 340 2430 ⁴)
365 2391 414 2422 De
443 2396 520 2432 part.
551 2401 603 2422 an.
634 2391 660 2429 Ι,
698 2394 724 2420 1.
753 2391 921 2422 640225:
957 2388 1061 2431 γεννᾷ
1087 2387 1154 2431 γὰρ
1182 2386 1199 2421 ὁ
1230 2385 1415 2431 ἅνθρωπος
1442 2387 1640 2434 ἄνθρωπον,

226 2442 310 2477 ὥστε
335 2443 391 2475 διὰ
415 2443 451 2476 τὸ
476 2443 608 2476 ἐκεῖνον
630 2440 759 2474 τοιόνδ’
786 2442 868 2475 εἶναι
891 2441 911 2482 ἡ
935 2445 1066 2484 γένεσις
1088 2440 1204 2474 τοιάδε
1227 2446 1404 2486 συμβαίνει
1426 2444 1518 2485 τῳδί.

315 2498 339 2538 ⁵)
363 2498 441 2528 Met.
463 2498 500 2536 Ζ,
525 2501 554 2528 ’1.
582 2499 662 2529 1032
680 2497 701 2528 b
721 2499 775 2527 14:
799 2497 884 2538 λέγω
908 2494 942 2527 ‹5‘
969 2493 1090 2528 οὐσίαν
1114 2491 1194 2528 ἄνευ
1218 2494 1297 2537 ὕλης
1318 2496 1354 2529 τὸ
1377 2500 1412 2529 τί
1429 2494 1472 2538 ἢν
1493 2496 1590 2530 εἶναι.

315 2551 340 2592 ⁶)
366 2553 414 2583 De
436 2556 517 2593 part.
548 2561 598 2584 nn.
622 2551 649 2590 Ι,
681 2553 707 2580 1.
739 2552 907 2582 640233:
938 2548 991 2581 διὸ
1022 2546 1168 2592 μάλιστα
1195 2549 1261 2593 μὲν
1291 2552 1424 2584 λεκτέον
1453 2549 1497 2586 ὥς
1524 2549 1639 2591 ἐπειδὴ

226 2602 317 2636 τοῦτ’
344 2600 385 2644 ἦν
407 2604 443 2637 τὸ
476 2602 649 2647 ἀνθρώπῳ
672 2602 773 2641 εἶναι,
810 2601 866 2634 διὰ
897 2604 995 2635 τοῦτο
1023 2601 1111 2634 ταῦτ’
1144 2603 1221 2645 ἔχει.
1267 2605 1315 2637 Cf.
1344 2606 1384 2636 de
1413 2605 1475 2636 hac
1502 2605 1639 2636 formula

227 2658 437 2691 Trendelenb.
469 2658 581 2690 Rhein.
611 2659 697 2690 Mus.
732 2659 820 2689 1828.
853 2657 907 2696 IV,
936 2668 966 2698 p.
992 2658 1052 2689 457
1062 2667 1141 2699 sqq„
1177 2658 1215 2689 de
1243 2659 1339 2691 anim.
1367 2658 1439 2690 libr.
1468 2662 1635 2692 comment.
