1837 3017
783 187 1034 226 „20-

201 293 332 334 differt
345 293 386 346 ¹).
443 293 583 346 Itaque
619 307 669 332 ne
704 294 742 333 vi
780 293 939 347 quidem
977 293 1156 346 praedita
1191 299 1268 345 est,
1303 293 1360 334 ita
1395 299 1440 334 ut
1466 294 1619 349 operari

199 361 307 402 nullo
342 360 456 402 modo
491 360 633 414 possit,
675 361 745 401 sed
778 367 929 401 tantum
965 359 1191 415 patiatur¹).
1247 359 1335 409 Quo
1377 360 1417 401 id
1459 374 1618 417 quoque

200 430 377 480 efficitur,
415 435 457 468 ut
491 429 659 469 maximo
696 430 837 469 idonea
872 429 939 479 sit,
984 444 1085 482 quae
1122 429 1314 469 formetur
1348 443 1394 469 ac
1430 429 1615 482 fingatur.

200 497 341 550 Itaque
377 496 452 536 hac
485 496 643 550 quidem
682 511 731 536 ex
766 501 877 550 parte
907 497 1130 537 Aristotelis
1169 495 1335 536 materia
1370 510 1531 551 prorsus
1558 511 1616 537 re-

199 564 364 616 spondet
400 564 619 613 substrato,
656 564 771 617 quale
798 563 913 603 Plato
952 565 1137 604 describit
1171 563 1211 602 in
1240 563 1402 603 Timaeo
1438 563 1614 616 dialogo3

198 630 237 670 id
265 630 367 684 quod
396 631 628 672 Aristoteles
656 631 740 685 ipse
768 630 916 683 vidit⁸).
971 632 1145 672 Necesse
1174 636 1307 671 autem
1336 643 1422 671 esse
1450 630 1616 671 materia

198 711 271 751 per
305 712 346 737 se
382 706 515 738 careat
551 701 676 738 forma
713 704 751 736 et
787 698 974 750 qualitate
1001 699 1115 738 Plato
1151 698 1350 752 explicare
1386 704 1425 737 et
1459 698 1617 737 demon·

197 772 324 805 strare
352 766 482 805 studet
509 764 764 805 similitudine
792 779 884 804 usus
914 765 1124 814 admodum
1162 766 1304 806 idonea
1315 764 1360 817 ⁴).
1417 765 1618 818 Reputan-

198 832 291 873 dum
320 847 404 872 esse
433 833 496 883 ait,
526 833 556 872 si
586 832 736 885 effigies
766 832 898 871 futura
926 832 976 872 sit
1003 833 1109 873 omni
1137 833 1320 874 distincta.
1345 831 1535 872 varietate
1563 832 1613 872 ad

198 900 446 953 adspectum,
484 915 562 940 non
602 901 715 939 aliter
749 913 843 939 sane
877 900 916 938 id
944 900 1075 954 ipsum
1102 901 1141 940 in
1170 915 1247 954 quo
1276 898 1535 953 exprimenda
1562 899 1614 939 sit

197 968 297 1007 bene
326 973 602 1021 praeparatum
630 968 726 1018 fore,
756 967 828 1006 nisi
859 982 1025 1007 vacuum
1054 968 1103 1007 sit
1128 982 1151 1007 a
1169 967 1304 1008 formis
1329 967 1405 1006 illis
1433 966 1613 1006 omnibus

197 1050 292 1089 quas
330 1035 379 1074 sit
416 1042 701 1089 suscepturum.
758 1035 862 1075 Nam
898 1035 1022 1075 simile
1058 1035 1089 1074 si
1124 1041 1227 1075 esset
1263 1034 1325 1075 eui
1355 1048 1406 1074 ex
1432 1034 1479 1073 iis
1508 1047 1609 1087 quae

197 1103 423 1156 recipienda
451 1103 544 1153 sint,
583 1103 615 1141 si
644 1103 719 1143 alia
748 1103 967 1142 contrariae
1002 1109 1120 1156 atque
1149 1103 1329 1142 diversae
1356 1107 1521 1141 naturae
1549 1115 1612 1140 ae·

195 1171 421 1222 cessissent,
459 1183 504 1209 ea
534 1176 695 1224 accepta
722 1170 825 1210 male
853 1168 1096 1209 redditurum
1132 1170 1234 1220 fore,
1263 1184 1359 1221 ⁴cum
1387 1182 1458 1208 sua
1485 1168 1610 1222 ipsius

195 1238 347 1292 species
374 1238 639 1276 interluceret.
684 1237 810 1285 Quam
831 1238 881 1276 ob
902 1251 1058 1276 causam
1086 1238 1327 1277 substratum
1355 1236 1451 1276 illud
1479 1249 1609 1289 neque

195 1305 368 1360 conspici
396 1310 525 1359 potest
551 1310 589 1344 et
618 1311 726 1343 caret
753 1305 890 1352 forma,
919 1300 1118 1359 ἄνόρατον
1142 1298 1252 1354 εἶδος
1269 1303 1339 1345 καὶ
1357 1299 1550 1359 ἄμορφον
1562 1303 1605 1356 ⁶).

196 1374 313 1423 Quod
346 1374 475 1413 auten'i
514 1372 683 1425 conspici
721 1372 877 1425 nequit,
913 1372 954 1412 id
989 1372 1157 1412 efficitur
1191 1387 1236 1412 eo
1273 1372 1376 1425 quod
1414 1373 1542 1412 forma
1569 1378 1610 1412 et

286 1543 307 1582 ¹)
330 1544 405 1574 Met.
436 1544 476 1581 Z,
508 1545 535 1573 3.
570 1544 650 1572 1029
674 1552 694 1572 a
717 1545 771 1572 21:
806 1541 874 1572 ἔστι
902 1539 967 1582 γάρ
991 1553 1022 1573 u
1049 1540 1131 1573 καθ’
1157 1533 1197 1572 οὗ
1226 1544 1458 1585 κατηγορεῖται
1481 1540 1607 1575 τούτων

193 1595 347 1633 ἕκαστον,
372 1588 397 1635 ᾧ
421 1594 457 1642 ιο
481 1594 565 1626 εἶναι
589 1594 701 1635 ἕτερον
724 1595 782 1625 καὶ
803 1595 870 1636 τῶν
893 1595 1102 1637 κατηγοριῶν
1126 1591 1259 1637 ἑκάστῃ.

285 1650 306 1688 ²)
331 1650 379 1680 De
403 1659 474 1690 gen.
499 1653 528 1679 et
554 1653 691 1688 corrupt.
716 1649 758 1687 11,
784 1651 812 1678 9.
838 1650 898 1680 335
915 1648 936 1679 b
953 1651 1008 1679 29:
1036 1647 1091 1687 τῆς
1117 1647 1183 1690 μὲν
1213 1646 1279 1690 γὰρ
1304 1645 1381 1687 ὕλης
1402 1645 1438 1680 τὸ
1463 1645 1606 1689 πάσχειν

192 1703 262 1735 ἐστὶ
289 1703 346 1733 καὶ
376 1700 411 1734 τὸ
441 1704 628 1741 κινεῖσθαι,
656 1700 692 1733 τὸ
724 1700 762 1732 δὲ
790 1704 894 1733 κινεῖν
923 1702 980 1732 καὶ
1007 1704 1118 1733 ποιεῖν
1145 1701 1257 1744 ἑτέρας
1285 1699 1470 1744 δυνάμεως.
1516 1702 1550 1741 Ι,
1577 1705 1607 1735 ⁶7.

170 1745 178 1757 ¹
193 1759 255 1789 324
271 1756 291 1788 b
313 1758 367 1786 18:
390 1752 408 1795 ἡ
433 1754 467 1784 δ”
493 1752 553 1793 ὕλη
576 1747 596 1797 ᾗ
620 1752 680 1794 ὕλη
704 1753 903 1795 παθητικόν.
1546 1746 1549 1747 ⁷

282 1812 304 1850 ὅ)
328 1811 377 1841 De
399 1811 487 1841 caelo
510 1810 569 1847 ΠΙ,
594 1814 623 1840 8.
648 1812 708 1841 306
725 1810 746 1841 b
765 1813 818 1840 17:
850 1808 959 1845 ἀειδὲς
981 1810 1038 1840 καὶ
1059 1804 1222 1852 ἄμορφον
1245 1807 1300 1841 δεῖ
1318 1806 1354 1841 τὸ
1380 1805 1606 1852 ὑποκείμενον

192 1865 291 1897 εἶναι·
315 1861 460 1906 μάλιστα
483 1862 549 1903 γὰρ
574 1858 615 1893 ἂν
639 1859 724 1894 οὕτω
749 1861 884 1895 δύναιτο
909 1863 1144 1907 ῥυθμίζεσθαι,
1167 1860 1323 1906 καθάπερ
1346 1861 1383 1895 ἐν
1404 1863 1450 1904 τῷ
1475 1863 1606 1906 Τιμαίῳ

192 1920 398 1960 γέγραπται,
429 1915 465 1948 τὸ
498 1914 675 1956 πανδεχές.
720 1917 801 1947 Plat.
825 1918 908 1961 Tim.
933 1928 963 1957 p.
979 1918 1016 1949 51
1031 1918 1073 1948 A:
1097 1914 1220 1949 ταύτὸν
1245 1912 1306 1949 οὖν
1328 1916 1385 1947 καὶ
1407 1916 1453 1957 τῷ
1475 1914 1515 1948 τὰ
1537 1916 1605 1949 τῶν

193 1970 329 2004 πάντων
352 1969 406 2002 ἀεί
425 1980 459 2000 τε
481 1965 589 2001 ὄντων
612 1971 759 2008 (fortasse
781 1970 983 2001 scribendum
1007 1975 1070 2002 est:
1099 1969 1139 2001 τὰ
1167 1971 1234 2002 τῶν
1261 1967 1399 2002 πάντων
1429 1966 1532 2006 ὅντως
1553 1967 1608 2002 ciet

191 2035 225 2057 τε
247 2022 367 2063 ὄντων)
398 2021 482 2055 κατὰ
513 2022 581 2054 πᾶν
610 2022 730 2054 ἑαυτοῦ
760 2020 921 2057 πολλάκις
948 2021 1200 2067 ἀφομοιώματα
1230 2023 1339 2058 καλῶς
1367 2023 1525 2065 μέλλοντι
1554 2023 1606 2055 δέ·

186 2081 311 2119 χεσθαι
340 2074 477 2109 πάντων
507 2075 600 2111 ἐκτὸς
630 2074 718 2118 αὐτῷ
750 2076 912 2118 προσήκει
943 2080 1132 2119 πεφυκέναι
1161 2077 1227 2110 τῶν
1257 2076 1370 2109 εἰδῶν.
1399 2075 1452 2109 διὸ
1482 2075 1523 2117 δὴ
1546 2076 1605 2117 τὴν

188 2132 247 2164 τοῦ
269 2129 450 2173 γεγονότος
482 2127 606 2172 ὁρατοῦ
635 2132 691 2161 καὶ
723 2129 856 2166 πάντως
886 2131 1050 2170 αἰσθητοῦ
1078 2132 1205 2174 μητέρα
1234 2131 1291 2161 καὶ
1322 2127 1499 2172 ὑποδοχὴν
1520 2128 1604 2174 μήτε

188 2186 252 2228 γῆν
274 2183 355 2228 μήτε
385 2182 469 2226 ἀέρα
492 2182 574 2226 μήτε
606 2185 672 2225 πῦρ
694 2182 775 2227 μήτε
799 2182 890 2226 ὕδωρ
919 2185 1086 2227 λέγωμεν,
1114 2182 1198 2227 μήτε
1227 2181 1291 2216 ὅσα
1315 2183 1352 2216 ἐκ
1374 2181 1501 2217 τούτων
1522 2182 1605 2228 μήτε

189 2239 224 2274 ἐξ
246 2233 292 2271 ὧν
313 2239 416 2270 ταῦτα
437 2240 589 2280 γέγονεν·
614 2236 691 2268 ἀλλ’
716 2236 883 2278 ἀνόρατον
905 2236 995 2273 εἶδός
1016 2250 1047 2270 τι
1075 2239 1133 2270 καὶ
1162 2234 1335 2281 ἄμορφον,
1364 2238 1530 2280 πανδεχές
1545 2264 1553 2272 .
1569 2263 1577 2272 .
1594 2262 1604 2272 .

192 2294 343 2334 λέγοντες
365 2289 404 2323 οὐ
430 2289 640 2334 ψευσόμεθα.

274 2347 340 2378 Nos
363 2341 465 2380 ὅντως
493 2349 568 2376 ante
598 2342 654 2376 ἀεί
674 2355 705 2376 τε
732 2340 838 2377 ὄντων
867 2347 1028 2377 excidisse
1055 2351 1216 2387 putamus.
1261 2346 1354 2377 Certe
1376 2345 1442 2378 τῶν
1465 2343 1603 2379 πάντων

189 2396 243 2430 ἀεί
255 2409 288 2431 τε
305 2394 422 2438 ὄντων,
446 2409 527 2439 quae
551 2399 705 2440 leguntur
720 2399 753 2429 in
771 2399 862 2430 libris
885 2409 983 2430 manu
1006 2400 1147 2441 scriptis,
1170 2400 1244 2430 ferri
1267 2403 1442 2440 nequeunt,
1465 2409 1539 2431 cum
1560 2397 1600 2430 τὰ

188 2450 240 2484 ἀεὶ
263 2448 345 2485 ὄντα
369 2454 434 2484 sint
456 2454 555 2491 ideae,
588 2454 635 2484 ita
663 2456 699 2484 ut
728 2450 767 2483 τὰ
791 2450 901 2485 πάντα
925 2450 980 2484 ἀεί
999 2464 1033 2485 τε
1057 2449 1140 2485 ὄντα
1162 2457 1287 2485 essent:
1315 2463 1425 2485 omnes
1447 2458 1479 2485 et
1502 2453 1600 2484 ideae.

187 2505 274 2536 Idem
304 2507 370 2536 iam
392 2506 624 2537 Stallbaumius
656 2505 754 2544 vidit,
787 2506 850 2537 ulia
876 2510 983 2538 autem
1013 2510 1110 2548 atque
1138 2516 1197 2538 nos
1225 2507 1349 2537 ratione
1378 2507 1600 2539 difficultatem

187 2569 348 2591 removere
369 2560 503 2593 studuit.
547 2561 718 2601 Irrepsisse
740 2561 824 2591 enim
848 2571 951 2593 errore
973 2565 1066 2602 putat
1086 2571 1121 2593 τε
1143 2560 1345 2602 particulam.

276 2612 303 2654 ⁴)
326 2614 408 2644 Tim.
434 2624 465 2655 p.
481 2615 521 2646 50
532 2614 572 2646 D.

279 2666 302 2704 5)
326 2668 408 2698 Tim.
432 2678 462 2707 p.
482 2669 567 2698 5112,
