1837 3017
846 172 1072 212 -6-

351 274 488 330 Itaque
525 276 644 316 etiam
684 276 723 316 in
759 275 951 316 rationem
989 275 1298 329 Empedoclem
1337 278 1521 320 convenit
1555 281 1665 324 notio

247 358 362 385 casus
401 357 519 398 quam
553 343 790 384 Aristoteles
825 343 1026 398 proponit,
1065 342 1277 384 dummodo
1309 358 1442 386 rerum
1474 347 1666 400 originem

247 411 519 466 respiciamus,
547 425 639 462 non,
667 410 708 450 id
737 410 841 465 quod
860 409 956 450 facit
976 410 1223 462 Aristoteles,
1251 416 1397 452 statum
1413 412 1482 466 qui
1510 422 1667 458 secutus

247 487 320 521 est.
376 479 609 521 Constantia
635 485 767 520 autem
796 492 899 532 quae
925 477 967 519 in
995 493 1127 519 rerum
1154 484 1294 519 natura
1320 479 1441 528 inest,
1469 480 1665 535 Empedo-

248 548 346 587 clem
374 546 408 585 si
436 546 649 599 sequimur,
685 546 827 585 effecta
863 549 923 584 est
949 558 996 584 eo
1026 546 1131 599 quod
1164 545 1396 587 interierunt
1431 547 1561 588 omnia
1588 550 1666 590 eni-

249 613 411 654 malium
450 619 490 652 et
525 613 750 668 plantarum
786 626 946 666 genera,
988 613 1166 665 exceptis
1199 612 1246 652 iis
1281 626 1383 666 quae
1418 614 1513 654 talia
1552 618 1668 656 exsti-

249 686 396 731 terunt,
425 686 468 720 ut
486 694 564 720 non
584 685 738 720 tantum
764 679 851 732 ipsa
874 678 1018 719 durare
1044 685 1215 732 possent,
1244 693 1381 720 verum
1403 680 1520 722 etiam
1540 683 1669 722 saecla

249 761 320 787 sua
348 760 585 800 propagare.
641 746 747 794 Quid
775 759 869 785 vero
898 752 1036 785 contra
1073 746 1192 786 talem
1221 746 1444 799 opinionem
1471 748 1668 801 proferen-

251 815 344 855 dum
372 815 439 865 sit,
477 813 624 867 optime
653 811 752 852 vidit
779 811 920 853 Cicero
950 811 1017 865 qui
1029 812 1058 865 ¹)
1096 812 1207 862 „Hoc
1236 813 1302 867 qui
1330 813 1572 865 existimat,“
1602 815 1669 865 ait,

252 883 361 933 „fieri
389 881 576 936 potuisse,
614 895 692 920 non
719 879 918 932 intellego,
949 894 1018 919 cur
1045 893 1124 919 non
1152 880 1257 920 idem
1286 886 1409 934 putet,
1438 882 1471 921 si
1497 883 1667 922 innume

249 949 393 990 rabiles
422 948 537 989 unius
567 954 607 989 et
632 947 773 1000 viginti
792 947 941 987 formae
963 939 1206 997 litterarum,
1226 947 1290 987 vel
1316 961 1460 989 aureae
1486 950 1551 990 vel
1577 965 1670 1004 qua·

249 1018 424 1068 leslibet,
458 1016 589 1070 aliquo
624 1015 877 1065 conicientur,
911 1027 1028 1069 posse
1067 1029 1116 1055 ex
1149 1014 1210 1054 his
1243 1014 1283 1055 in
1319 1021 1466 1057 terram
1494 1020 1668 1058 excussis

251 1085 412 1125 annales
439 1083 572 1135 Ennii,
602 1090 645 1123 ut
672 1083 858 1137 deinceps
883 1083 965 1136 legi
992 1083 1154 1137 possint,
1182 1082 1306 1135 effici3
1335 1083 1440 1137 quod
1458 1085 1591 1126 nescio
1618 1101 1668 1126 an

252 1167 303 1194 ne
329 1152 370 1193 in
398 1167 476 1193 uno
506 1151 666 1205 quidem
695 1166 812 1191 versu
839 1152 963 1204 possit
989 1157 1143 1191 tantum
1169 1151 1302 1191 valere
1329 1152 1525 1192 fortuna.“

356 1219 438 1260 Sed
456 1219 533 1258 iam
554 1233 765 1273 pergamus
785 1218 836 1257 ad
856 1217 1182 1258 considerandum
1202 1224 1474 1271 argumentum
1489 1219 1668 1272 alterum,

252 1287 358 1341 quod
385 1287 425 1327 in
454 1287 593 1326 eodem
622 1287 876 1339 physicorum
905 1286 1032 1338 eapite
1060 1286 1266 1338 reperitur.
1308 1286 1377 1325 Ait
1401 1287 1505 1327 enim
1523 1288 1671 1328 Aristo·

252 1354 352 1395 teles
378 1353 418 1393 in
446 1353 493 1393 iis
523 1367 624 1408 quae
652 1358 929 1407 argumentum
957 1351 1005 1392 de
1026 1366 1104 1405 quo
1125 1351 1409 1406 disputavimus
1437 1350 1670 1409 sequuntur:

257 1422 328 1472 „In
366 1421 508 1476 quibus
545 1421 634 1461 finis
668 1421 788 1471 inest,
834 1421 874 1460 in
908 1419 963 1459 iis
997 1433 1098 1474 quae
1132 1420 1266 1472 priora
1299 1428 1390 1461 sunt
1421 1421 1525 1462 illius
1554 1436 1672 1463 causa

255 1488 493 1529 efficiuntur.
563 1488 692 1536 Quam
733 1488 783 1528 ob
822 1501 907 1528 rem
948 1487 1280 1540 quemadmodum
1320 1489 1383 1537 fit,
1425 1489 1480 1528 ita
1520 1497 1673 1530 constat

256 1555 554 1610 unumquidque
582 1561 700 1610 atque
727 1561 881 1596 constat
907 1555 982 1605 ita,
1020 1554 1348 1608 quemadmodum
1377 1556 1438 1604 fit,
1474 1557 1548 1597 n'isi
1576 1558 1670 1612 quid

255 1622 455 1677 impediat.
510 1623 694 1663 Efficitur
734 1629 865 1663 autem
900 1622 1064 1662 alicuius
1104 1623 1161 1662 rei
1203 1637 1338 1673 eausa,
1381 1625 1514 1678 itaque
1555 1626 1671 1666 etiam

255 1696 407 1731 constat
440 1690 553 1731 huius
586 1691 643 1731 rei
680 1705 809 1730 causa.
862 1688 998 1730 Veluti
1034 1688 1173 1730 domus
1209 1691 1241 1729 si
1274 1698 1378 1731 esset
1410 1692 1451 1732 in
1485 1693 1532 1732 iis
1570 1707 1672 1746 quae

253 1763 395 1797 natura
431 1758 548 1808 fiunt,
591 1764 773 1798 oreretur
808 1757 947 1797 eadem
979 1758 1130 1798 ratione
1169 1771 1247 1812 qua
1284 1772 1389 1799 nunc
1421 1772 1492 1813 per
1525 1765 1671 1812 artem3

256 1831 394 1866 contra
421 1826 453 1866 si
482 1840 546 1866 res
572 1825 774 1865 naturales
807 1840 886 1865 non
919 1825 1035 1865 modo
1068 1832 1229 1876 natura,
1265 1840 1401 1866 verum
1436 1827 1554 1868 etiam
1588 1835 1671 1868 arte

258 1893 503 1941 exsisterent,
534 1892 672 1932 eadem
692 1892 844 1932 ratione
863 1906 941 1945 qua
959 1906 1063 1931 nune
1082 1898 1222 1932 natura
1241 1900 1457 1935 orerentur.
1495 1895 1672 1936 Alterum

429 2006 542 2037 Cetera
565 2005 602 2035 de
625 2014 740 2045 genere
763 2004 824 2034 hoe
846 2008 988 2035 monstra
1010 2015 1048 2036 sc
1071 2007 1216 2044 portenta
1239 2006 1378 2046 creabat,

428 2069 469 2090 ne
492 2059 656 2100 quiquam,
681 2058 832 2098 quoniam
856 2061 971 2090 natura
993 2058 1165 2089 absterruit
1187 2064 1329 2099 auctum,

429 2122 490 2143 nee
510 2117 640 2152 potuere
663 2113 808 2152 cupitum
830 2113 945 2143 aetatis
969 2115 1099 2152 tangere
1120 2112 1230 2143 florem

428 2175 488 2198 nee
510 2166 647 2207 reperire
671 2164 779 2197 eibum
801 2174 861 2197 neo
881 2166 975 2207 iungi
998 2176 1053 2207 per
1075 2165 1209 2197 Veneris
1232 2176 1291 2199 res.

427 2221 534 2252 Multa
556 2220 704 2250 videmus
727 2221 813 2249 enim
835 2220 931 2250 rebus
955 2229 1140 2250 eonem-rere
1163 2219 1288 2258 debere,

429 2278 467 2305 ut
488 2272 695 2314 propagando
719 2273 845 2313 possint
866 2273 1038 2313 procudere
1061 2273 1183 2310 saecla:

427 2327 548 2367 pabula
569 2328 708 2367 primum
732 2330 768 2356 ut
791 2326 867 2363 sint,
891 2327 1048 2365 genitalia
1069 2325 1184 2356 deinde
1205 2335 1262 2365 per
1283 2330 1370 2357 artus

428 2381 552 2413 semina
574 2390 639 2421 qua
660 2379 786 2420 possint
808 2378 958 2410 membris
982 2388 1111 2411 manare
1133 2379 1278 2418 remissa,

429 2436 611 2474 feminaque
638 2438 675 2464 ut
698 2433 843 2464 maribus
865 2435 1019 2474 coniungi
1040 2434 1144 2473 possit
1166 2442 1271 2471 avere,

428 2492 606 2528 mutuaque
628 2488 797 2518 insinuent
819 2487 902 2517 inter
923 2497 957 2519 se
980 2487 1101 2529 gaudia
1122 2489 1266 2527 uterque.

427 2543 595 2583 Multaque
618 2546 686 2574 tum
708 2541 871 2577 interiisse
893 2543 1093 2573 animantum
1116 2542 1222 2574 saecla
1243 2548 1404 2575 necessest

427 2607 486 2628 neo
508 2597 663 2638 potuisse.
675 2595 880 2636 propagando
903 2596 1076 2636 procudere
1099 2595 1230 2636 prolem.

349 2651 372 2692 ¹)
396 2651 443 2684 cf.
467 2651 504 2682 de
528 2655 594 2681 nat.
618 2650 700 2681 deor.
725 2649 767 2688 11,
793 2652 846 2681 37.
