1837 3017
775 155 1006 196 ..5.-

180 267 355 314 cumnt,
380 275 548 317 corpora
566 275 668 317 quae
685 265 850 317 possunt
867 261 1009 303 durare
1028 260 1206 302 efficiunt
1218 259 1263 312 ¹).
1304 260 1446 315 Itaque
1464 273 1595 315 quam-

180 330 239 370 viu
257 328 399 385 sponte
417 337 457 371 et
474 330 635 371 fortuito
652 344 716 371 res
736 335 844 371 ortae
862 330 949 382 sint,
977 336 1110 371 tamen
1136 335 1229 370 sunt
1247 328 1452 378 eiusmodi,
1482 329 1593 383 quasi

179 411 250 452 per
281 411 439 438 causam
481 398 639 438 finalem
682 397 760 437 sint
799 398 977 449 effectae,
1020 398 1205 452 quocirca
1245 397 1419 450 corporis
1458 403 1593 450 partes

179 465 345 506 alicuius
370 456 428 505 rei
457 479 587 517 causa,
613 465 652 505 h.
672 478 707 505 e.
736 465 786 505 ad
809 471 935 506 certas
961 466 1112 519 totique
1141 464 1295 518 corpori
1316 464 1593 504 convenientes

177 532 397 573 functiones
425 531 667 572 exhibendas
694 531 894 573 institutae
913 546 998 573 esse
1017 531 1130 573 nobis
1148 531 1343 571 videntur.
1386 531 1470 571 Iam
1501 546 1590 571 cum

179 613 256 640 non
284 600 507 641 noverimus
534 600 609 640 nisi
637 605 796 640 naturas
823 600 878 641 ita
905 605 1166 654 comparatas,
1195 605 1240 639 ut
1265 599 1415 653 possint
1439 612 1593 639 conser-

179 667 283 719 vari,
319 667 359 708 in
395 679 527 708 rerum
561 673 702 708 natura
728 667 950 722 ubicunque
979 680 1137 709 causam
1163 667 1323 708 finalem
1352 668 1485 708 valere
1513 667 1591 721 opi-

178 738 354 776 namur.“

284 802 434 844 Contra
460 817 577 857 quam
605 803 795 844 rationem
816 803 1123 857 Empedoclcam
1143 803 1378 844 Aristoteles
1398 809 1590 858 provocat

172 869 228 909 ‘ad
256 867 514 910 constantiam
543 883 644 924 quae
670 870 710 909 in
738 870 855 909 rebus
882 875 1046 910 naturae
1076 876 1271 911 cernatur.
1320 871 1590 924 Quaecunque

179 936 282 976 enim
315 942 453 977 natura
492 937 706 990 gignantur
739 943 807 977 aut
841 950 999 990 semper
1030 937 1123 977 oriri
1162 939 1301 978 eadem
1336 938 1489 977 ratione
1523 942 1591 976 aut

178 1003 431 1059 plerumque,
461 1011 595 1045 contra
623 1019 674 1044 ex
700 1004 747 1044 iis
776 1017 878 1058 quae
906 1018 999 1044 casu
1026 1011 1065 1044 et
1089 1005 1249 1045 fortuito
1278 1006 1469 1045 exsistant
1495 1002 1592 1043 nibil

178 1071 234 1111 ita
261 1085 304 1111 se
330 1072 488 1113 habere.
541 1073 633 1113 Non
653 1072 755 1112 enim
776 1086 868 1112 casu
887 1071 1012 1111 videri
1040 1086 1159 1126 saepe
1186 1073 1323 1126 pluere
1352 1072 1492 1122 hieme,
1522 1070 1593 1110 sed

178 1138 211 1178 si
248 1139 320 1179 sub
357 1139 486 1180 sidere
523 1139 735 1180 caniculari
771 1152 890 1192 saepe
926 1139 1056 1193 pluat,
1092 1153 1222 1195 neque
1256 1146 1386 1181 aestus
1415 1139 1490 1179 dici
1518 1137 1590 1178 sub

179 1207 292 1248 stella
318 1208 478 1258 canina,
513 1208 580 1248 sed
614 1207 744 1247 hieme
778 1206 958 1247 accidere
987 1220 1092 1247 casu.
1149 1208 1290 1262 Itaque
1318 1223 1405 1248 cum
1432 1220 1495 1247 res
1524 1211 1591 1246 aut

179 1288 272 1315 casu
300 1280 339 1314 et
365 1274 524 1314 fortuito
552 1274 627 1314 sint
655 1280 723 1313 aut
750 1274 800 1313 ob
828 1273 998 1326 aliquam
1028 1288 1199 1324 causam,
1226 1275 1320 1315 talia
1339 1281 1469 1315 autem
1495 1287 1588 1313 casu

177 1340 262 1380 fieri
288 1348 506 1394 nequeant,
540 1341 590 1380 ob
626 1340 797 1394 aliquam
832 1354 991 1380 causam
1029 1340 1108 1380 sint
1138 1354 1301 1381 necesse
1336 1355 1435 1381 esse.
1488 1339 1588 1381 Cum

178 1421 272 1448 vero
299 1395 441 1448 natura
467 1408 545 1448 sint
572 1407 667 1448 talia
695 1408 838 1458 omnia,
857 1407 897 1447 in
918 1408 1162 1448 naturalibus
1180 1408 1297 1448 rebus
1312 1422 1471 1448 causam
1500 1407 1591 1447 fina-

176 1476 254 1515 lem
285 1489 372 1516 esse
399 1475 703 1528 agnoscendam.
759 1474 849 1523 Qua
886 1476 1245 1528 argumentatione,
1281 1476 1314 1515 si
1342 1475 1436 1529 quid
1462 1475 1591 1524 video,

177 1544 272 1584 nihil
300 1542 480 1583 efficitur.
534 1542 683 1583 Nititur
711 1541 816 1583 enim
844 1542 1001 1582 notione
1030 1557 1147 1597 quam
1173 1557 1286 1584 casus
1305 1549 1425 1597 atque
1443 1542 1592 1583 fortuiti

177 1611 413 1651 Aristoteles
443 1609 663 1660 constituit,
691 1601 863 1650 maxime
891 1623 937 1649 eo
966 1610 1071 1664 quod
1100 1625 1193 1651 casu
1222 1624 1308 1650 esse
1334 1625 1412 1650 non
1440 1609 1592 1664 possint

179 1691 227 1718 ea
252 1690 354 1732 quae
381 1683 449 1716 aut
476 1689 630 1730 semper
658 1683 727 1717 aut
753 1677 985 1730 plerumque
1014 1677 1152 1717 cadem
1179 1677 1332 1718 ratione
1351 1677 1590 1730 eveniant’).

179 1743 260 1786 Sed
287 1743 525 1785 credendum
563 1749 640 1795 est,
669 1744 953 1798 Empedoclem
988 1745 1227 1786 concessisse
1259 1745 1400 1786 iterum
1435 1745 1591 1786 iterum-

179 1826 256 1866 que
284 1812 478 1852 elementa
505 1811 750 1851 concurrisse
770 1818 809 1852 et
826 1826 963 1852 rursus
990 1813 1112 1853 fuisse
1134 1812 1333 1863 dissoluta,
1362 1813 1589 1867 priusquam

177 1893 242 1920 res
270 1894 373 1934 quae
409 1885 569 1933 possent
595 1879 739 1920 durare
775 1880 1020 1920 exsisterent.
1077 1880 1194 1929 Quod
1222 1880 1325 1920 idem
1353 1881 1488 1922 statuit
1513 1881 1591 1922 Lu-

179 1947 323 1986 cretius
333 1946 378 1994 ⁸).
1418 1958 1421 1960 ·

266 2091 289 2134 ¹)
312 2093 373 2125 Cui
395 2102 499 2124 rerum
521 2095 661 2124 ortarum
684 2092 895 2133 explicationi
917 2092 1059 2124 conferre
1081 2093 1158 2125 licet
1179 2093 1307 2125 Lucret.
1334 2093 1374 2132 V,
1398 2094 1459 2125 415
1467 2103 1536 2134 sqq.

266 2146 292 2186 ³)
316 2146 415 2187 Phys.
438 2146 481 2184 11,
505 2146 525 2177 5
548 2146 595 2177 in.

266 2198 291 2238 ³)
314 2199 364 2230 cf.
381 2199 420 2237 V,
444 2199 602 2239 83'1sqq.:

347 2253 516 2293 Multaque
537 2257 606 2285 tum
628 2253 726 2285 tellus
747 2254 844 2284 etiam
865 2257 1012 2294 portenta
1034 2263 1140 2285 creare

348 2310 495 2338 conatast
516 2307 599 2338 mira
619 2308 702 2338 facie
723 2307 939 2348 membrisque
960 2313 1080 2347 coorta,
1198 2300 1203 2305 ’

349 2360 584 2401 androgynum,
609 2361 827 2401 intui-utraque
847 2371 908 2393 nec
931 2365 1049 2401 utrum,
1073 2363 1233 2402 utrimque
1255 2368 1422 2403 remotum,

348 2414 427 2445 orba
448 2414 564 2454 pedum
586 2416 712 2454 partim,
737 2424 888 2446 manuum
912 2415 1046 2447 viduata
1068 2417 1224 2453 vicissim,

347 2470 437 2497 muta
458 2468 530 2498 'sine
553 2477 606 2499 ore
628 2468 735 2504 etiam,
759 2469 830 2498 sine
852 2468 945 2499 voltu
969 2478 1064 2499 caeca
1084 2472 1218 2509 reperta,

351 2521 526 2561 vinctaque
547 2521 760 2553 membrorum
781 2531 838 2561 per
859 2526 963 2553 totum
984 2530 1099 2563 corpus
1122 2522 1275 2562 adhaesu,

350 2582 410 2605 nec
431 2573 535 2605 facere
554 2579 592 2606 ut
613 2578 744 2616 possent
766 2575 939 2615 quicquam
961 2585 1021 2607 nec
1042 2575 1152 2608 cedere
1176 2586 1336 2617 quoquam

352 2637 412 2661 nec
433 2628 536 2661 vitare
558 2629 676 2661 malum
698 2638 757 2661 nec
780 2639 905 2661 sumere
928 2629 1014 2673 quod
1034 2630 1116 2663 foret
1137 2639 1226 2662 usus.
