1837 3017
179 274 328 316 bomini
360 274 535 328 potentia
569 288 647 328 qna
679 272 804 313 indita
836 273 907 320 sit,
941 285 1042 325 quae
1075 271 1238 319 rationi,
1284 270 1387 324 parti
1422 270 1591 311 hominis

180 342 349 396 optimae
376 357 422 382 ac
448 341 818 395 praestantissimae,
847 338 1079 379 adversetur
1105 346 1224 393 atque
1252 343 1459 393 repugnet,
1489 353 1590 392 quae

178 409 385 463 quominus
411 410 530 449 homo
554 409 670 448 finem
690 422 715 447 a
732 414 874 447 natura
892 407 1133 459 propositum
1159 414 1392 461 assequatur
1410 412 1450 446 et
1469 407 1594 459 possit

179 475 371 529 impedire
397 483 438 516 et
464 476 693 529 saepissime
720 473 919 527 impediat.
974 474 1257 526 Inquirendum
1286 482 1356 524 est,
1387 489 1457 514 cur
1484 480 1594 513 natu-

177 557 248 599 raie
280 545 473 584 humanae
506 541 790 595 discrepantia,
825 555 925 594 quae
960 554 983 578 a
1018 555 1136 580 causa
1169 542 1275 582 finali
1311 557 1472 596 prorsus
1506 557 1592 582 esse

180 610 310 650 aliens
335 609 502 660 videtur,
537 609 587 648 sit
619 608 802 648 admissa.
858 607 938 648 Sed
967 607 1034 647 vix
1061 607 1166 661 apud
1194 609 1446 650 Aristotelem
1477 608 1590 650 huius

178 677 419 732 quaestionis
446 677 618 730 reperies
645 690 889 729 responsum.

285 747 463 799 Apparet
501 750 630 784 autem
672 759 722 783 ex
763 744 809 783 iis
854 758 955 796 quae
997 744 1045 783 de
1078 744 1296 797 privatione
1337 745 1587 786 disseruimus

180 814 431 854 Aristotelem
460 812 652 851 malorum
680 811 914 864 principium
947 824 1017 863 per
1052 826 1093 850 se
1122 812 1338 851 consistens
1366 827 1443 853 non
1472 828 1590 866 agno-

180 881 301 932 visse,
336 880 405 920 sed
433 879 747 919 tribuissemala
779 878 988 931 privationi
1025 892 1191 932 eamque
1226 881 1265 919 in
1293 893 1423 919 rerum
1451 888 1591 921 natura

179 948 323 1003 partim
350 962 372 988 e
399 948 565 988 materia
601 947 763 1000 eiusque
789 945 959 996 viribus,
996 945 1140 999 partim
1176 962 1197 986 e
1232 948 1591 1001 perturbationibus

181 1024 220 1056 et
253 1016 562 1070 impedimentis,
605 1029 707 1069 quae
743 1014 978 1054 exsisterent
1012 1015 1252 1065 necessario,
1289 1015 1509 1068 repetiisse,
1551 1017 1590 1055 in

179 1085 316 1124 morali
352 1090 483 1124 autem
518 1083 720 1124 hominum
755 1083 836 1123 vita
863 1096 885 1122 e
911 1082 1036 1122 libero
1065 1082 1226 1122 arbitrio
1255 1089 1373 1137 atque
1404 1085 1591 1137 cupidita-

179 1152 283 1192 tibus
311 1151 457 1191 homini
483 1165 507 1190 a
533 1157 676 1191 natura
702 1151 828 1191 insitis
842 1151 883 1203 ¹).

281 1219 415 1271 Atque
451 1218 567 1257 etiam
604 1217 874 1258 demonstrare
909 1217 1041 1256 studet
1074 1217 1218 1256 malum
1252 1217 1345 1270 quid
1380 1232 1451 1271 per
1480 1234 1522 1258 se
1549 1228 1590 1260 et

180 1298 353 1324 seorsum
384 1291 561 1325 constare
589 1300 667 1335 non
695 1284 864 1338 posse’).
921 1284 1120 1336 „Melior,“
1151 1284 1216 1333 ait,
1246 1290 1310 1336 „et
1328 1287 1590 1336 praestantior

182 1358 292 1391 actus
317 1358 380 1392 est
406 1352 508 1392 bona
537 1353 725 1405 potentia.
762 1352 884 1392 ‘Nam
911 1364 1170 1404 quaeeunque
1204 1357 1295 1390 sunt
1322 1354 1508 1404 potentia,
1544 1368 1591 1394 ea

180 1418 348 1458 evadere
374 1426 539 1472 possunt
565 1419 774 1458 contraria.
827 1418 979 1458 Eadem
1009 1418 1111 1456 enim
1131 1423 1190 1456 est
1208 1419 1385 1470 potentia
1410 1421 1590 1461 sanitatis

180 1492 220 1525 et
245 1486 373 1525 morbi
406 1492 528 1539 atque
560 1492 686 1525 status
720 1491 760 1524 et
794 1483 955 1524 motuss
992 1484 1142 1524 Contra
1177 1491 1286 1523 actus
1322 1485 1361 1524 in
1402 1487 1590 1528 alterutro

180 1553 465 1593 contram’orum
495 1553 682 1600 consistit,
710 1553 834 1592 altero
864 1552 1037 1597 excluso,
1071 1566 1189 1604 quam
1216 1553 1267 1591 ob
1297 1567 1455 1593 causam
1482 1563 1593 1596 aetus

180 1621 402 1659 necessario
436 1627 505 1659 aut
538 1620 664 1659 bonus
698 1626 766 1659 aut
799 1620 924 1659 malus
965 1625 1025 1658 est
1037 1619 1081 1671 ³).
1137 1620 1278 1673 Itaque
1322 1620 1447 1660 bonus
1483 1629 1592 1662 actus

270 1783 293 1823 ¹)
316 1785 407 1815 Haec
429 1786 458 1815 si
479 1794 556 1816 vera
578 1789 672 1822 sunt,
704 1784 744 1815 ad
774 1785 987 1824 privationem
1010 1784 1095 1823 quod
1118 1785 1232 1815 attinet
1255 1785 1360 1815 lenius
1383 1786 1590 1819 iudicandum

183 1840 231 1880 est
252 1837 292 1868 de
315 1838 487 1869 Aristotele
509 1848 605 1878 quam
629 1839 705 1869 feeit
728 1838 930 1877 Struempell.
954 1837 1101 1867 Theoret.
1125 1838 1245 1868 Philos.
1271 1839 1301 1868 d.
1325 1839 1380 1869 Gr.
1404 1850 1434 1879 p.
1453 1844 1513 1871 227
1521 1852 1568 1881 sq.

268 1890 292 1929 ’)
315 1891 391 1921 Met.
419 1890 458 1928 Θ,
483 1892 512 1923 9.
534 1891 579 1921 in.

268 1941 294 1983 ³)
315 1944 505 1975 Aristoteles
528 1944 582 1975 hic
604 1944 736 1984 respicit
757 1944 889 1975 formam
914 1948 945 1975 et
968 1945 1180 1984 privationem
1203 1954 1272 1974 eam
1297 1955 1379 1984 quae
1403 1947 1522 1978 formae
1544 1949 1593 1978 in-

180 2000 247 2028 star
269 1998 323 2034 sit,
346 2003 443 2037 atque
466 1999 609 2028 actiones
631 2001 663 2027 et
685 1997 886 2027 conditiones
909 2007 991 2036 quae
1007 1998 1048 2027 iis
1066 1997 1289 2036 respondeant,
1313 1998 1345 2027 id
1363 2000 1447 2037 quod
1463 2006 1595 2040 apparet

178 2058 220 2081 ex
241 2051 397 2092 exemplis
420 2060 502 2091 quae
523 2051 652 2092 profert.
697 2050 743 2083 Cf.
770 2052 849 2082 1051
867 2060 886 2081 a
903 2051 939 2081 ⁷:
973 2048 1137 2092 ὑγιαίνειν
1160 2049 1217 2081 καὶ
1240 2053 1366 2089 νοσεῖν,
1389 2063 1408 2084 a
1423 2054 1460 2084 8:
1484 2050 1594 2095 ὑγιαί-

180 2113 252 2137 νειν
274 2105 332 2136 καὶ
354 2101 508 2146 κάμνειν,
532 2116 551 2136 a
567 2107 602 2137 9:
624 2102 761 2146 ἠρεμεῖν
782 2104 840 2134 καὶ
861 2106 1041 2142 κινεῖσθαι,
1066 2103 1264 2146 οἰκοδομεῖν
1287 2107 1344 2136 καὶ
1359 2106 1591 2148 καταβάλλειν,

179 2160 271 2189 alo:
301 2157 559 2201 οἰκοδομεῖσθαι
589 2158 646 2188 καὶ
673 2158 907 2188 καταπίπτειν.
953 2157 1014 2188 Sed
1044 2159 1194 2197 quamvis
1223 2169 1317 2200 saepe
1339 2169 1377 2190 ea
1399 2170 1481 2200 quae
1508 2162 1593 2192 inter

179 2220 214 2242 se
236 2212 395 2244 contraria
410 2215 485 2243 sunt
500 2212 567 2242 sint
588 2211 758 2249 eiusmodi,
781 2214 818 2242 ut
840 2211 974 2241 alterum
990 2210 1069 2242 boni
1087 2212 1166 2252 qnid
1182 2213 1236 2251 sit,
1259 2213 1336 2243 mali
1352 2214 1429 2253 quid
1444 2215 1592 2254 alterum,

178 2268 284 2296 tamen
311 2275 377 2296 non
404 2265 511 2296 omnia
539 2265 698 2296 contraria
726 2263 805 2295 boni
828 2267 859 2295 et
880 2264 958 2295 mali
981 2264 1161 2296 discrimini
1189 2266 1337 2297 subicere
1366 2268 1460 2305 licet,
1489 2269 1591 2299 veluti

178 2317 289 2349 hio-tn
311 2322 431 2349 motum
454 2321 486 2348 et
507 2322 625 2348 statum
649 2318 711 2349 hoe
738 2318 909 2348 discrimen
935 2327 1000 2348 non
1032 2319 1202 2357 convenit,
1235 2320 1275 2349 of.
1300 2321 1427 2352 Bonita.
1449 2322 1590 2362 Metaph.

179 2376 348 2405 comment.
370 2381 401 2413 p.
418 2373 491 2403 406.
530 2371 650 2404 Contra
671 2381 736 2403 non
758 2371 951 2404 assentimur
972 2371 1132 2411 Bonitsio,
1164 2373 1249 2413 quod
1271 2384 1302 2414 p.
1318 2377 1379 2406 407
1404 2375 1483 2406 dicit
1510 2376 1591 2407 falso

178 2425 233 2457 hic
252 2425 295 2458 ab
317 2425 491 2457 Aristotele
513 2426 671 2457 iudicium
703 2426 851 2458 morale
881 2425 919 2455 de
947 2425 1032 2457 bono
1063 2430 1095 2456 et
1122 2427 1206 2457 malo
1234 2428 1407 2458 immisceri
1430 2429 1525 2459 rebus
1548 2430 1590 2459 iis

179 2488 199 2509 a
219 2478 339 2519 quibus
366 2478 506 2509 alienum
535 2480 588 2512 sit.
632 2480 713 2511 Nam
741 2479 859 2510 bonum
887 2478 973 2518 quod
1004 2479 1084 2510 dicit
1105 2480 1294 2510 Aristoteles
1317 2491 1381 2511 non
1404 2485 1525 2512 tantum
1550 2482 1590 2512 sd

178 2542 281 2565 mores
303 2535 443 2574 spectat,
473 2542 584 2564 verum
608 2534 704 2565 etiam
728 2532 958 2574 metaphysica,
981 2538 1018 2564 ut
1041 2535 1087 2565 ita
1108 2535 1271 2572 dicamus,
1302 2537 1404 2565 utitur
1425 2535 1591 2576 signifiea-

178 2586 277 2625 tione,
305 2587 382 2627 qnia
409 2587 568 2617 artissime
595 2588 742 2618 cohaeret
771 2597 844 2618 cum
866 2595 966 2617 causa
987 2587 1087 2618 finali.
1132 2589 1236 2628 Atque
1268 2588 1306 2618 de
1337 2588 1434 2621 huius
1463 2591 1591 2629 generis

179 2638 263 2671 bono
286 2640 340 2672 hic
363 2641 569 2682 cogitandum
594 2647 653 2673 est.
