1837 3017
496 119 517 145 ο

791 188 835 194 -
890 164 940 204 29
996 188 1039 193 ,-

212 283 332 310 mum.
389 270 546 311 Etenim
582 277 762 311 naturam
803 269 950 324 pariter
989 274 1107 322 atque
1147 269 1343 311 hominem
1386 268 1619 321 prudentem

211 336 440 390 unicuique,
476 351 553 392 quo
580 337 637 378 uti
660 322 806 392 possit,
839 335 1034 389 tribuer03
1068 350 1157 376 nam
1194 336 1320 391 magis
1348 335 1557 376 convenire
1583 336 1619 375 ei

213 404 279 457 qui
306 404 411 444 tibiis
426 418 580 445 ‘canere
607 406 707 445 sciat
733 404 848 444 tibias
875 403 981 454 dare,
1015 417 1132 456 quam
1159 405 1226 457 qui
1252 404 1369 444 tibias
1397 404 1555 452 habeat,
1584 406 1619 442 ei

212 470 428 512 concedere
455 472 712 518 artemdtibiis
734 470 910 511 canendi.
952 471 1058 511 Nam
1076 470 1110 510 ei
1131 471 1234 525 quod
1260 471 1386 511 maius
1415 476 1455 511 et
1483 469 1621 510 melius

209 540 260 579 sit
286 547 464 580 naturam
500 541 672 581 tribuere
705 540 912 590 inferiora,
952 538 1112 579 minime
1139 552 1233 579 vero
1262 540 1296 578 ei
1324 539 1428 593 quod
1456 538 1620 578 inferius

210 606 259 646 sit
285 607 447 648 meliora
474 622 519 648 ae
546 607 846 662 praestantiora.
889 607 1055 660 „Itaque
1082 607 1156 645 hac
1173 606 1359 656 ratione‚“
1389 607 1529 661 inquit,
1561 606 1619 659 „si

209 688 270 713 res
299 688 341 713 se
367 676 486 714 habet
513 675 669 724 melius,
705 680 847 713 natura
885 679 1015 728 autem
1051 687 1101 713 ex
1127 673 1174 713 iis
1202 688 1303 727 quae
1340 674 1424 713 fieri
1453 681 1619 726 possunt

207 739 302 780 facit
327 740 367 780 id
394 740 500 795 quod
527 741 718 794 optimum
747 745 822 790 est,
850 753 927 779 non
955 745 1117 793 propter
1144 754 1282 779 manus
1309 740 1425 779 homo
1454 746 1512 779 est
1539 740 1619 779 ani-

205 807 283 847 mal
311 808 654 861 sapientissimum,
681 808 799 847 immo
828 807 1157 860 sapientissimum
1185 821 1275 846 cum
1303 807 1354 846 sit
1380 807 1535 854 animal,
1563 808 1618 845 in-

208 879 380 915 structus
409 881 468 914 est
494 874 686 914 manibus.
744 875 783 914 Is
803 874 908 914 enim
930 874 996 928 qui
1018 873 1324 927 sapientissimus
1353 879 1412 913 est
1438 873 1616 927 plurimis

206 941 306 982 bene
333 942 390 983 uti
418 948 547 997 potest
565 942 846 993 instrumentis,
876 956 1032 982 manum
1052 955 1146 982 vero
1165 955 1243 981 non
1267 955 1387 981 unum
1407 941 1476 980 sed
1496 941 1618 981 multa

206 1010 465 1050 instrumenta
493 1023 578 1050 esse
606 1016 782 1064 apparet.
838 1011 939 1051 Nam
975 1015 1161 1062 tanquam
1198 1010 1499 1049 instrumentum
1525 1015 1616 1048 ante

205 1077 462 1117 instrumenta
491 1084 571 1127 est,
604 1092 626 1116 a
645 1079 714 1117 20:
749 1077 836 1119 ἔστι
872 1078 948 1131 γὰρ
976 1073 1154 1129 ὡσπερεὶ
1181 1071 1352 1129 ὄργανον
1379 1075 1460 1128 πρὸ
1488 1072 1614 1129 ὀργά-

204 1159 293 1185 νων.
349 1144 399 1185 Εἰ
433 1143 554 1197 igitur
591 1143 658 1198 qui
698 1145 884 1200 plurimas
918 1151 1021 1186 artes
1056 1150 1226 1185 tractare
1262 1143 1334 1184 scit
1360 1149 1500 1184 natura
1528 1159 1617 1185 con-

205 1213 321 1251 cessit
347 1226 527 1261 manum,
564 1226 654 1251 eum
691 1213 741 1252 sit
768 1213 1069 1253 instrumentum
1097 1211 1135 1251 id
1165 1211 1270 1265 quod
1296 1211 1465 1264 plurima
1491 1213 1616 1265 possit

205 1278 398 1319 efficere.“

310 1346 378 1386 Sic
399 1346 440 1385 id
460 1342 565 1399 quod
591 1346 787 1386 inferioris
816 1352 876 1386 est
903 1346 1049 1386 ordinis
1077 1345 1219 1398 potiori
1238 1359 1285 1385 ae
1303 1346 1455 1386 meliori
1482 1347 1614 1386 servit.

204 1413 347 1466 Neque
387 1413 513 1453 minus
549 1413 590 1453 id
627 1428 678 1454 ex
720 1414 850 1453 anima
890 1413 1088 1467 variisque
1129 1413 1213 1453 eius
1254 1428 1350 1466 quas
1384 1413 1616 1454 Aristoteles

205 1480 316 1532 ponit
342 1480 592 1520 facultatibus
621 1486 799 1534 apparet.
855 1479 1014 1519 Etenim
1047 1479 1271 1532 plantarum
1300 1479 1459 1533 quidem
1487 1481 1616 1520 anima

203 1553 264 1587 est
298 1547 588 1601 vegetativum,
633 1547 739 1601 quod
772 1561 946 1587 summus
981 1560 1116 1587 earum
1155 1553 1214 1586 est
1249 1546 1349 1586 finis.
1404 1548 1452 1587 In
1491 1548 1616 1588 brutis

201 1613 434 1655 animalibus
454 1619 584 1654 autem
603 1614 653 1654 ad
672 1614 939 1669 vegetativum
958 1612 1110 1654 aceedit
1136 1613 1376 1664 sensitivum,
1405 1614 1510 1668 quod
1537 1614 1615 1655 iam

202 1695 338 1722 eorum
375 1688 435 1722 est
471 1697 666 1723 summum
704 1688 823 1735 atque
861 1688 1092 1722 extremum.
1146 1680 1227 1721 Sed
1267 1687 1311 1720 ut
1352 1689 1437 1720 'esse
1477 1683 1614 1735 possit,

201 1762 298 1802 opus
335 1755 394 1790 est
433 1741 670 1803 vegetativo.
726 1749 920 1791 Ultimum
961 1749 1082 1801 igitur
1124 1747 1229 1801 quod
1266 1754 1349 1788 erat
1389 1747 1429 1788 in
1469 1748 1612 1802 plantis

202 1822 321 1869 atque
358 1823 598 1868 extremum,
634 1817 713 1857 iam
741 1823 799 1857 est
825 1817 1075 1857 instrumenti
1104 1816 1240 1856 instar.
1292 1814 1422 1870 Quam
1447 1816 1497 1856 ob
1527 1831 1615 1856 eau-

202 1896 287 1923 sam
314 1882 582 1936 vegetativum
606 1897 740 1925 carere
759 1889 889 1937 potest
914 1883 1112 1934 sensitivo‚
1141 1883 1214 1922 hoo
1231 1887 1362 1922 tamen
1382 1883 1450 1923 illo
1471 1884 1612 1924 minus.

203 1950 251 1990 In
278 1950 502 1991 hominibus
530 1951 700 2005 denique
718 1950 768 1990 ad
795 1951 867 1991 has
888 1950 984 1991 duas
1008 1956 1139 2005 partes
1159 1950 1309 2003 (partes
1328 1949 1493 1991 dicimus
1513 1965 1614 2004 quae

201 2016 434 2058 Aristoteles
459 2014 588 2072 μόρια
615 2024 746 2068 vocat,
773 2018 830 2057 ita
855 2024 987 2058 tamen
1015 2024 1059 2058 ut
1084 2019 1124 2057 in
1151 2031 1247 2057 voce
1271 2018 1416 2058 Latina
1444 2019 1609 2059 eandem

202 2098 320 2138 quam
362 2086 596 2126 Aristoteles
641 2085 762 2126 verbo
806 2084 962 2126 Graeco
1011 2084 1177 2124 subiecit
1232 2086 1430 2126 notionem
1484 2085 1612 2142 inesse

203 2152 384 2204 velimus)
422 2152 575 2193 accedit
611 2152 909 2203 intellectivum,
949 2151 1054 2205 quod
1095 2151 1296 2193 hominum
1338 2159 1397 2194 est
1438 2168 1610 2194 summus

201 2214 304 2259 finis-⁵
347 2219 429 2261 Sed
456 2220 529 2260 hoc
555 2225 599 2260 ut
626 2219 687 2270 sit,
717 2219 982 2272 vegetativum
1001 2218 1151 2272 requiri
1169 2220 1284 2261 facile
1312 2227 1371 2261 est
1397 2220 1609 2262 intellectu.

201 2286 343 2339 Neque
383 2287 510 2326 minus
550 2300 648 2339 opus
689 2291 748 2326 est
781 2285 980 2326 sensitivo.
1033 2286 1141 2327 Nam
1175 2287 1260 2327 sine
1296 2288 1610 2341 perceptionibus

202 2353 390 2394 memoria
423 2365 509 2393 esse
543 2366 622 2392 non
660 2358 809 2406 potest,
848 2352 932 2391 sine
971 2353 1162 2393 memoria
1197 2360 1329 2394 autem
1366 2355 1610 2407 experientia

204 2418 393 2460 exsistere
420 2419 575 2473 nequit,
605 2433 702 2473 qua,
730 2425 774 2460 ut
800 2419 850 2459 ad
876 2424 1000 2459 artem
1028 2425 1067 2460 et
1094 2420 1295 2460 seientiam
1323 2422 1608 2474 perveniamus,

203 2500 338 2529 carere
369 2501 449 2528 non
482 2502 689 2541 possumus
703 2487 745 2541 ¹).
798 2485 1001 2528 Inferioris
1038 2487 1158 2542 igitur
1197 2487 1343 2541 gradus
1378 2487 1481 2541 quod
1523 2493 1607 2529 erat

293 2638 316 2675 ¹)
338 2639 414 2669 Met.
438 2638 477 2676 A,
505 2640 530 2669 1.
553 2638 596 2668 in.
