1837 3017
809 159 1088 197 —114-

238 262 336 308 nl„
365 275 400 300 c.
428 262 467 301 4.
501 261 574 300 195
593 261 617 299 b
637 260 702 309 33,
738 263 809 300 νῦν
843 261 889 301 δὲ
925 264 1045 301 τοῦτο
1083 258 1186 300 ἔστω
1217 257 1408 312 φανερόν,
1438 258 1503 299 ὅτι
1532 255 1657 311 ὂὲμφω

238 325 282 369 ἐν
309 331 396 377 τοῖς
428 324 543 368 ἕνεκά
576 324 650 368 τού
687 326 809 376 ἐστιν,
844 343 878 367 e.
907 329 943 366 5.
980 328 1049 367 196
1071 327 1094 367 b
1114 329 1184 375 32,
1218 325 1290 367 τὸν
1323 326 1370 367 δὲ
1400 323 1556 379 τρόπον
1585 328 1658 380 τῆς

241 394 377 443 αἰτίας
410 395 453 435 ἐν
489 397 575 442 τοῖς
613 392 716 435 ὅθεν
753 392 776 447 ἢ
814 392 913 447 ἀρχῆ
947 396 1020 445 τῆς
1054 392 1252 447 κινήσεως
1285 391 1478 446 ἑκάτερον.
1510 391 1656 439 αὐτῶν,

239 478 274 503 c.
303 463 341 503 6.
373 462 447 502 198
467 476 490 501 a
508 463 555 511 2„
574 462 830 502 scribendum
858 461 1013 501 videtur
1040 476 1144 501 esse:
1177 456 1304 501 ἄλλον
1331 461 1378 502 δὲ
1404 458 1560 514 τρόπον
1585 462 1657 513 τῆς

242 527 390 576 αἰτίας.
446 528 552 569 Nam
581 527 651 568 ἕνα
675 528 751 579 μὲν
777 526 931 581 τρόπον
956 529 1029 580 τῆς
1056 525 1191 576 αἰτίας
1218 524 1343 581 ὄὲμφω
1363 525 1406 569 ἐν
1430 531 1517 577 τοῖς
1544 525 1659 568 ἕνεκά

237 593 310 637 τού
338 595 461 645 ἔστιν,
491 591 620 637 ἄλλον
647 596 694 637 δὲ
721 595 764 637 ἐν
789 598 874 645 τοῖς
901 593 1003 637 ὅθεν
1030 592 1053 650 ἡ
1083 592 1182 651 ἀρχή
1211 597 1283 650 τῆς
1309 593 1518 650 κινήσεως.

343 664 460 712 Quae
487 665 520 703 si
549 677 645 703 vera
671 671 772 712 sunt,
802 659 928 703 ἄλλον
956 664 1137 703 vocabuli
1165 664 1420 703 mutationem
1447 677 1525 703 non
1549 663 1657 702 casui

237 731 302 771 vel
343 730 488 782 errori,
537 731 607 770 sed
649 730 811 771 consilio
852 730 1001 770 librarii
1041 730 1290 770 tribuendam
1334 743 1420 770 esse
1460 737 1657 783 putamus.

238 799 384 851 Neque
413 812 533 837 causa
560 812 631 836 cur
658 797 868 836 mutaverit
901 796 1070 836 difficilis
1104 803 1166 836 est
1192 797 1243 836 ad
1269 797 1497 836 videndum.
1550 796 1657 836 Nam

239 865 494 919 perturbatus
529 864 662 917 aliqua
688 878 740 903 ex
768 871 881 916 parte
909 871 968 903 est
995 864 1270 917 disputationis
1297 865 1413 913 ordo,
1455 879 1543 903 cum
1572 863 1659 903 Ari·

239 931 412 981 stoteles‚
441 936 650 984 postquam
678 943 812 969 casum
838 930 1084 984 comparavit
1102 943 1243 970 causae
1270 928 1388 980 finali,
1417 944 1495 970 non
1524 929 1657 969 statim

239 998 373 1046 addat,
402 1011 504 1050 quae
532 998 632 1036 ratio
652 997 687 1036 ei
715 998 765 1036 sit
784 1011 872 1036 cum
893 1011 1013 1037 causa
1031 997 1231 1046 efficienti,
1259 997 1328 1036 sed
1356 996 1658 1051 disputationem

237 1056 453 1117 interponit
481 1065 530 1104 de
559 1064 781 1104 discrimine
801 1065 907 1116 quod
927 1064 1031 1103 inter
1050 1079 1185 1104 casum
1205 1072 1244 1103 et
1263 1066 1404 1103 fortem
1423 1062 1654 1102 intercedat.

238 1130 380 1184 Itaque
417 1131 450 1170 si
477 1130 565 1185 quis
603 1144 705 1185 quae
739 1131 841 1170 hauc
875 1130 1158 1184 expositionem
1194 1130 1430 1171 antecedunt
1456 1144 1535 1171 non
1564 1128 1658 1169 satis

239 1197 429 1237 memoria
460 1199 606 1248 tenuit,
641 1194 769 1238 ἄλλον
795 1199 841 1239 δὲ
869 1197 1024 1251 τρόπον
1050 1200 1121 1250 τῆς
1148 1196 1284 1245 αἰτίας
1317 1199 1424 1237 nullo
1457 1197 1573 1236 modo
1601 1196 1656 1234 in-

237 1264 428 1318 tellegere
455 1271 610 1319 poterat
637 1265 806 1319 ideoque
836 1265 1014 1306 mutavit.
1070 1265 1187 1314 Quod
1224 1271 1356 1306 autem
1385 1263 1657 1318 disputationis

238 1345 355 1383 quem
386 1340 591 1384 exspectas
619 1333 799 1371 ordinem
827 1333 1062 1372 Aristoteles
1095 1346 1175 1371 non
1210 1333 1401 1381 servavit,
1437 1344 1556 1370 causa
1583 1329 1657 1368 sita

239 1410 327 1437 esse
354 1397 394 1437 in
422 1411 468 1438 eo
496 1398 664 1450 videtur,
695 1399 801 1453 quod
829 1399 896 1439 ubi
924 1413 1058 1440 casum
1088 1405 1128 1439 et
1153 1399 1297 1439 fortem
1324 1400 1428 1440 inter
1455 1412 1498 1437 se
1526 1396 1657 1436 distin·

235 1464 333 1516 guit‚
360 1465 467 1503 finali
487 1466 658 1506 maxime
677 1481 796 1506 causa
815 1467 962 1515 nititur,
991 1467 1041 1505 cf.
1069 1481 1101 1505 c.
1121 1469 1158 1506 6.
1180 1467 1253 1505 197
1273 1466 1298 1505 b
1322 1467 1387 1506 18:
1414 1463 1517 1505 ὥστε
1539 1477 1657 1516 φανε-

238 1530 311 1582 ρὸν
339 1529 403 1571 ὅτι
432 1530 474 1571 ἐν
500 1535 586 1580 τοῖς
606 1529 751 1581 ἆπλιῦς
773 1531 888 1573 ἕνεκά
909 1549 982 1573 του
1002 1532 1242 1586 γινομένοις,
1271 1531 1369 1572 ὅταν
1387 1532 1444 1586 μὴ
1465 1534 1538 1572 τοῦ
1563 1546 1656 1581 συμ-

237 1595 388 1648 βάντος
415 1598 532 1639 ἕνεκα
559 1599 722 1652 γένηται
750 1593 804 1642 οὗ
824 1599 900 1649 ἔξω
920 1600 968 1641 τὸ
992 1598 1139 1648 αἴτιον,
1165 1597 1258 1641 τότε
1285 1597 1371 1641 ἀπὸ
1399 1596 1657 1649 ταύτομάτου

236 1666 420 1717 λέγομεν·
455 1664 542 1706 ἀπὸ
575 1665 696 1721 τύχης
730 1668 792 1716 δὲ,
836 1665 992 1708 τούτων
1029 1665 1107 1708 ὅσα
1140 1664 1228 1708 ἀπὸ
1257 1664 1466 1719 ταῦμάτου
1501 1665 1657 1720 γίνεται

234 1734 316 1773 τῶν
347 1737 605 1787 προαιρετῶν
638 1738 725 1784 τοῖς
758 1733 896 1786 ἔχουσι
931 1733 1185 1789 προαίρεσιν.
1242 1736 1266 1775 b
1292 1736 1344 1776 30
1361 1749 1470 1789 seqq.
1513 1735 1655 1788 Itaque

237 1807 341 1848 erat,
392 1816 462 1840 cur
504 1802 740 1842 Aristoteles
781 1803 1057 1856 disputationis
1098 1803 1236 1842 ordine
1276 1816 1394 1855 quem
1434 1801 1656 1841 instituerat

237 1867 369 1920 aliqua
404 1882 456 1907 ex
488 1875 600 1921 parte
634 1870 816 1921 neglecto
851 1870 949 1909 haec
985 1869 1116 1909 statim
1143 1869 1376 1922 adiungeret
1401 1870 1447 1908 iis
1474 1882 1578 1922 quae
1605 1868 1655 1908 de

236 1934 530 1973 necessitudine
558 1935 660 1974 inter
689 1949 847 1975 causam
874 1936 1032 1975 finalem
1062 1942 1101 1975 et
1128 1948 1264 1975 casum
1290 1937 1512 1988 fortemque
1538 1935 1655 1979 inter-

238 1999 404 2040 cedente
433 2000 680 2041 disseruerat.

838 2123 1081 2130 ——--—

689 2272 1025 2335 Excursus
1067 2272 1188 2335 IV.

339 2398 436 2437 Met.
465 2401 523 2447 A,
556 2399 655 2437 1072
674 2399 699 2437 b
724 2399 887 2451 l4seqq.
920 2400 960 2439 in
995 2400 1103 2439 libris
1137 2414 1255 2440 manu
1283 2400 1439 2454 scriptis
1465 2401 1652 2453 leguntur

233 2465 353 2506 haec:
382 2465 564 2521 διαγωγὴ
585 2463 625 2507 δ’
647 2465 756 2508 ἐστὶν
775 2465 844 2508 οἵα
862 2463 886 2521 ἡ
908 2464 1050 2522 ἀρίστη
1075 2465 1221 2520 μικρὸν
1239 2464 1383 2521 χρόνον
1404 2464 1512 2522 ἡμῖν·
1541 2465 1648 2509 οὕτω

234 2533 309 2585 γὰρ
329 2530 397 2574 ἀεὶ
419 2532 548 2574 ἐκεῖνό
567 2534 678 2576 ἐστιν
696 2531 809 2588 (ἡμῖν
825 2535 901 2585 μὲν
919 2535 995 2587 γὰρ
1016 2532 1249 2585 ἀδύνατον),
1275 2534 1367 2575 ἐπεὶ
1384 2535 1454 2575 καὶ
1475 2532 1499 2588 ἢ
1519 2532 1646 2587 ἡδονή

233 2596 414 2655 ἐνέργεια
439 2599 598 2643 τούτου.
642 2634 645 2637 .
