1837 3017
839 204 884 211 .-
938 182 990 222 98
1048 205 1093 211 -.

249 284 463 339 Zwiespalt
491 284 562 326 mit
589 284 661 326 der
687 285 821 339 Welt;
859 286 963 326 denn
992 286 1062 342 das
1090 287 1279 339 guttliehe
1306 287 1478 330 Denken
1506 288 1557 329 ist
1583 286 1675 328 kein

247 352 470 407 bedingtes,
500 351 672 392 sondern
701 354 765 393 ein
794 353 1119 407 schopferisches,
1146 355 1185 394 in
1219 354 1309 395 dem
1330 353 1466 405 Sinna,
1495 354 1586 395 dass
1613 354 1677 395 da-

248 419 372 460 durch
408 421 516 460 nicht
552 420 659 460 bloss
698 420 761 460 die
796 421 933 470 Form‚
971 421 1141 462 sondern
1177 422 1278 462 auch
1316 421 1387 462 das
1415 421 1567 464 Wesen
1606 423 1674 462 des

249 487 554 540 Gegenstandes
582 488 809 542 mitgesetzt
838 488 946 528 wird.
995 489 1139 529 Gottes
1158 488 1329 530 Denken
1348 488 1399 529 ist
1416 478 1479 529 ein
1508 489 1673 540 solebes,

248 553 318 593 das
347 554 423 594 den
453 554 714 608 Gegenstand
743 556 841 596 auch
871 555 959 595 dem
989 555 1116 597 Stoffe
1151 557 1253 596 nach
1288 570 1358 596 aus
1386 556 1468 596 sich
1497 557 1673 610 schopft3

248 620 592 663 Gottes·Denken
620 623 671 664 ist
699 638 790 664 vom
820 623 1105 676 Gegenstande
1132 623 1242 664 nicht
1267 629 1471 676 getrennt,
1500 625 1575 665 wie
1603 625 1673 666 das

245 689 525 740 menschliche‚
554 691 723 731 sondern
754 706 795 731 es
823 691 872 731 ist
900 690 971 730 der
991 690 1251 743 Gegenstand
1271 691 1394 731 selbst
1415 692 1516 731 nach
1536 692 1671 732 Seiten

246 756 376 797 seines
404 757 567 798 Inhalts.
614 758 698 797 Das
727 758 992 798 menschliche
1015 758 1186 798 Denken
1214 758 1265 798 ist
1291 764 1388 798 stets
1416 772 1465 798 an
1495 758 1570 798 den
1596 758 1674 799 Ge-

246 825 444 876 genstand
472 826 697 878 gebunden,
726 825 802 866 den
833 840 873 866 es
903 826 1037 876 denkt,
1068 839 1109 865 es
1137 827 1188 866 ist
1214 826 1388 867 insofern
1408 826 1586 879 bedingt,
1614 827 1671 867 als

246 906 288 931 es
325 892 401 933 den
437 893 699 946 Gegenstand
734 893 844 934 nicht
883 894 1063 947 zugleieh
1105 893 1274 934 stofflich
1310 908 1506 947 erzeugen
1550 895 1670 944 kann,

246 959 417 998 sondern
446 975 522 999 nur
550 961 607 999 als
634 961 866 1014 gegebenen
896 976 943 1001 zu
974 961 1211 1001 entwickeln
1248 961 1328 1001 und
1356 961 1669 1001 nachzudenken

245 1027 299 1066 im
329 1026 482 1068 Stande
508 1028 582 1068 ist“
599 1028 642 1080 ¹).

351 1095 502 1135 Contra
530 1110 647 1149 quam
677 1096 911 1137 sententiam
940 1097 1034 1137 satis
1063 1104 1122 1137 est
1140 1111 1357 1152 provocare
1377 1097 1426 1137 ad
1445 1098 1565 1151 Phys.
1582 1096 1615 1146 Ι,
1630 1097 1668 1136 9.

248 1163 322 1202 192
344 1177 368 1202 a
386 1164 450 1213 25,
484 1163 551 1204 ubi
581 1164 816 1204 Aristoteles
845 1165 1050 1205 materiam
1080 1179 1210 1220 neque
1239 1165 1324 1205 fieri
1352 1179 1481 1220 neque
1508 1160 1669 1205 interire

244 1244 361 1283 posse
401 1231 662 1283 comprobare
701 1232 843 1272 studet.
899 1233 1040 1286 Itaque
1077 1233 1184 1272 nullo
1218 1232 1336 1273 modo
1373 1232 1470 1273 illud
1504 1232 1671 1286 philoso-

243 1299 360 1352 phiae
400 1298 652 1339 Christianae
694 1300 903 1353 placitum:
945 1301 1152 1341 materiam
1193 1315 1217 1340 a
1257 1300 1495 1353 cogitatione
1536 1299 1670 1340 divina

244 1367 463 1419 profectam
493 1380 591 1418 esse,
619 1366 659 1406 in
687 1366 877 1407 rationem
898 1368 1180 1409 Aristoteleam
1210 1367 1406 1409 convenit.
1454 1367 1668 1408 Praeterea

243 1434 494 1486 cogitationis
523 1433 763 1486 cogitationi,
794 1449 883 1474 cum
911 1435 1029 1474 etiam
1057 1436 1096 1475 in
1125 1435 1369 1476 intellectum
1396 1435 1511 1474 cadat
1537 1435 1670 1474 huma-

243 1516 353 1552 num,
382 1516 461 1541 non
490 1502 582 1541 licet
609 1501 783 1541 tribuere
812 1502 891 1541 vim
920 1516 1019 1553 eam,
1048 1509 1092 1542 ut
1119 1509 1300 1556 procreet
1327 1517 1390 1543 res
1419 1509 1637 1543 concretas.

349 1569 586 1623 Priusquam
615 1568 890 1623 disputationis
917 1570 1037 1610 finem
1071 1570 1253 1621 facimus,
1292 1585 1413 1612 unum
1442 1577 1502 1611 est
1527 1570 1670 1611 adden-

246 1637 350 1678 dum.
389 1637 433 1678 Si
454 1652 550 1677 vera
568 1643 660 1677 sunt
679 1651 781 1691 quae
801 1637 850 1677 de
870 1638 944 1678 deo
964 1639 1203 1679 Aristoteleo
1224 1639 1489 1693 exposuimus,
1518 1652 1670 1679 summa

243 1706 472 1745 Platonicae
493 1711 532 1745 et
552 1705 815 1745 Aristoteleae
836 1706 1037 1746 doctrinae
1062 1707 1222 1760 fastigia
1249 1707 1350 1747 inter
1370 1721 1411 1746 se
1431 1712 1666 1759 congruunt.

243 1773 402 1813 Etenim
439 1773 543 1826 apud
572 1774 779 1813 Platonem
816 1774 911 1813 deus
945 1774 1120 1814 intuetur
1153 1775 1345 1815 mundum
1373 1773 1667 1828 intellegibilem

243 1848 281 1881 et
317 1854 419 1894 quae
453 1841 567 1881 ideae
602 1856 648 1882 eo
686 1842 949 1892 continentur,
988 1849 1027 1881 et
1061 1842 1110 1882 ad
1146 1842 1220 1883 hoc
1247 1844 1451 1895 exemplar
1478 1842 1667 1883 mundum

245 1908 471 1948 sensibilem
514 1909 650 1961 efficit3
692 1915 811 1962 atque
851 1910 955 1962 apud
997 1909 1252 1950 Aristotelem
1294 1910 1390 1950 deus
1431 1912 1577 1951 formas
1620 1923 1668 1948 ao

245 1975 485 2017 substantias
514 1976 661 2029 cogitat
696 1991 843 2031 easque
872 1977 1044 2017 motione
1073 1976 1234 2017 adducit
1262 1977 1311 2017 ad
1339 1979 1535 2019 effectum.
1593 1978 1668 2017 Ita-

244 2061 321 2099 que
351 2045 382 2085 si
411 2044 519 2084 ideas
547 2051 731 2098 putamus
762 2060 855 2085 esse.
877 2045 1138 2098 cogitationes
1177 2046 1347 2086 numinis
1383 2046 1523 2096 divini,
1553 2046 1666 2087 Plato

241 2102 281 2153 et
309 2113 543 2153 Aristoteles
572 2127 615 2152 re
641 2114 742 2153 inter
771 2128 812 2153 se
839 2128 918 2154 non
949 2112 1146 2153 differunt.
1194 2114 1248 2153 Et
1276 2120 1406 2154 tamen
1435 2115 1667 2155 Aristoteles

241 2183 390 2235 ubique
418 2179 626 2221 occasione
655 2182 786 2222 oblata
814 2183 1023 2235 impugnat
1050 2181 1225 2222 idearum
1246 2181 1477 2225 doctrinam.
1523 2182 1667 2223 Nonne

241 2250 363 2302 igitur
396 2249 445 2287 ab
482 2249 555 2288 hac
591 2254 703 2301 parte
738 2249 951 2289 admodum
987 2248 1143 2288 laborat
1176 2249 1369 2305 sententia
1397 2249 1559 2289 nostra?
1612 2249 1667 2287 At

240 2324 323 2357 tum
354 2317 513 2355 demum
542 2316 656 2355 Plato
685 2321 725 2355 et
750 2316 985 2356 Aristoteles
1014 2317 1117 2356 inter
1145 2330 1187 2355 se
1216 2316 1468 2367 conveniunt,
1496 2318 1528 2356 si
1556 2316 1666 2356 ideas

241 2384 429 2425 sumimus
472 2397 558 2423 esse
602 2382 861 2436 cogitationes
905 2383 979 2422 dei.
1036 2383 1117 2424 Sed
1155 2384 1187 2423 si
1227 2398 1327 2438 quae
1366 2384 1415 2424 ab
1452 2383 1666 2430 Aristotele

241 2459 378 2492 contra
415 2451 524 2491 ideas
559 2457 769 2490 monentur
803 2452 1053 2504 respicimus,
1088 2450 1341 2491 Aristotelem
1376 2452 1478 2492 hanc
1513 2457 1668 2492 senten-

330 2612 351 2650 ¹)
376 2612 472 2652 Kym.
508 2613 569 2643 Die
601 2611 803 2644 Gotteslehre
832 2611 887 2642 des
916 2610 1107 2643 Aristoteles
1139 2610 1206 2641 und
1235 2609 1293 2642 das
1316 2610 1572 2643 Christenthum.
1615 2611 1664 2642 Cf.

240 2669 382 2708 p.19sq.
