1837 3017
825 177 1077 216 „35-

248 288 341 326 sunt
366 284 581 326 secundum
609 289 789 326 naturam
816 284 921 325 bons.
949 288 1039 324 sunt
1059 296 1132 336 per
1149 295 1203 333 se,
1232 279 1428 322 obiective
1456 279 1561 333 quod
1586 294 1659 320 nos

249 365 448 403 vocamus,
476 352 597 392 veluti
624 365 694 405 per
713 365 754 392 se
774 357 834 391 est
861 351 1008 391 bonum
1027 349 1161 389 videre
1180 349 1355 403 cogitare
1381 346 1530 398 vivere,
1559 361 1658 397 cum,

247 419 288 460 id
315 420 420 473 quod
448 419 550 460 infra
569 419 934 470 demonstrabimus,
963 418 1153 472 originem
1171 418 1343 458 habeant
1361 430 1385 457 a
1403 416 1478 456 deo
1498 415 1659 469 optimo.

247 487 405 528 Deinde
423 500 518 529 vero
536 487 640 527 bona
658 493 748 527 sunt
767 487 886 528 etiam
904 485 1093 526 subiecto.
1135 484 1252 534 Quod
1279 498 1349 525 cur
1367 485 1424 524 ita
1440 496 1484 524 se
1501 482 1660 533 habeat,

248 554 456 608 apparebit
491 570 540 596 ex
575 556 648 596 his.
703 556 787 595 Iam
822 555 979 609 saepius
1015 554 1185 593 vidimus
1218 566 1331 593 suum
1368 553 1510 605 cuique
1544 551 1602 591 rei
1637 565 1662 590 a

247 626 390 660 natura
416 635 513 676 opus
541 622 836 676 exsequendum
864 635 948 662 esse
975 620 1213 674 impositum.
1256 619 1338 661 Sed
1364 619 1413 660 ab
1440 618 1550 659 initio
1579 617 1662 673 qui·

250 688 338 729 dem
364 691 422 729 rei
448 705 527 731 non
552 690 678 731 indita
705 697 765 730 est
791 690 866 730 nisi
893 689 1104 729 functionis
1131 690 1319 742 potentia,
1353 689 1408 728 ita
1440 695 1588 738 tamen,
1615 692 1659 726 ut

249 755 364 796 simul
400 757 493 798 insit
525 758 695 812 impetus
731 757 781 796 ad
815 762 946 797 actum
985 755 1067 795 cius
1104 754 1391 810 perducendae.
1446 755 1586 808 Itaque
1625 753 1659 794 si

250 823 343 876 quid
371 838 490 878 opere
517 839 587 865 suo
615 826 688 865 rite
716 824 903 877 fungitur,
932 838 1045 864 suum
1072 823 1194 877 ipsius
1219 824 1340 863 finem
1361 822 1584 876 assequitur
1606 827 1660 861 at-

250 903 327 942 que
354 905 448 931 suae
472 892 597 944 ipsius
625 897 788 932 naturae
815 891 908 931 satis
936 891 1053 941 facit,
1088 904 1165 943 quo
1202 890 1383 939 efficitur,
1422 896 1466 930 ut
1492 889 1581 929 finis
1607 889 1659 930 ad

250 962 379 998 aetum
405 957 615 1011 perductus
635 958 711 1012 ipsi
730 958 780 998 sit
799 958 945 998 bonum
968 957 1138 1011 indeque
1164 957 1311 998 oriatur
1330 958 1524 1011 voluptas,
1553 963 1660 998 certe

250 1024 296 1063 iis
324 1038 425 1077 quae
452 1026 665 1078 voluptatis
689 1031 727 1064 et
749 1026 893 1064 doloris
921 1039 1036 1064 sensu
1064 1030 1239 1064 utuntur.
1278 1024 1408 1072 Quam
1425 1016 1475 1064 ob
1499 1038 1658 1064 causam

250 1105 320 1132 nos
343 1091 500 1146 quidem
520 1106 698 1134 amamus
719 1108 902 1134 sensuum
923 1092 1196 1146 perceptiones
1221 1099 1261 1133 et
1279 1092 1451 1134 actiones
1470 1092 1660 1146 mentis¹).

251 1159 342 1212 Duo
369 1160 488 1212 igitur
514 1161 602 1200 finis
629 1174 776 1214 genera
794 1161 1028 1203 Aristoteles
1055 1151 1272 1213 distinguit,
1300 1174 1466 1213 quorum
1494 1161 1660 1201 alterum

251 1232 366 1268 vocat
383 1226 430 1269 τὸ
450 1221 513 1279 οὗ,
541 1228 647 1282 quod
673 1229 792 1269 finem
820 1228 1028 1280 significat,
1054 1234 1246 1281 quatenus
1267 1244 1339 1280 per
1359 1244 1400 1269 se
1422 1235 1481 1269 est
1502 1230 1661 1281 bonum,

251 1294 414 1334 alterum
441 1295 489 1336 τὸ
517 1288 567 1349 ᾧ,
603 1295 707 1349 quod
735 1296 895 1335 denotat
921 1295 1060 1346 finem,
1095 1302 1286 1349 quatenus
1314 1297 1459 1336 bonum
1489 1303 1549 1337 est
1575 1298 1663 1338 sub·

252 1361 366 1403 iecto.
423 1363 541 1411 Quod
583 1363 671 1403 finis
713 1363 921 1403 discrimen
955 1362 1185 1403 Aristoteles
1227 1364 1464 1416 significavit
1504 1365 1662 1418 quidem

253 1430 418 1484 saepiu8‚
448 1444 643 1485 nusquam
671 1443 777 1481 vero,
811 1436 916 1470 certe
944 1430 986 1469 in
1012 1429 1130 1470 libris‘
1153 1429 1220 1484 qui
1246 1429 1359 1470 nobis
1387 1431 1533 1471 servati
1559 1437 1663 1484 sunt,

252 1499 357 1537 satis·
384 1499 594 1551 perspicue
629 1499 818 1550 explicuit
828 1498 871 1550 ²).
926 1498 1192 1551 Disputarunt
1228 1505 1360 1538 autem
1376 1522 1379 1525 -
1395 1499 1444 1537 de
1477 1513 1524 1539 eo
1550 1500 1666 1539 inter-

252 1571 384 1619 pretes
421 1565 568 1607 Graeci
602 1566 652 1606 ad
686 1565 804 1619 Phys.
834 1565 894 1616 11,
922 1565 959 1604 2.
991 1565 1066 1605 194
1084 1579 1109 1605 a
1126 1565 1196 1616 35,
1235 1566 1466 1619 quibuscum
1505 1581 1666 1608 consen-

251 1634 352 1673 tiens
379 1633 614 1673 luculentius
642 1633 760 1673 etiam
787 1646 869 1672 rem
889 1632 1070 1685 exposuit
1090 1632 1328 1672 'themistius
1350 1633 1400 1673 ad
1421 1634 1585 1675 Aristot.
1615 1635 1665 1675 de

250 1806 286 1839 τὸ
311 1799 352 1838 οὗ
373 1806 469 1839 ἕνεκα
493 1808 550 1839 καὶ
571 1804 724 1849 τάγαθόν
755 1807 864 1845 (τέλος
892 1805 959 1849 γὰρ
987 1808 1150 1850 γενέσεως
1178 1807 1235 1838 καὶ
1256 1805 1416 1848 κινήσεως
1438 1805 1548 1848 πάσης
1569 1808 1663 1841 τοῦτ’

256 1860 375 1903 ἐστίν).
419 1862 459 1902 A,
484 1864 512 1895 2.
538 1863 599 1893 982
615 1861 636 1893 b
654 1863 710 1893 10:
734 1862 791 1893 καὶ
813 1859 879 1904 γὰρ
902 1859 1057 1904 τάγαθὸν
1080 1862 1137 1893 καὶ
1158 1860 1195 1894 τὸ
1220 1853 1261 1893 οὗ
1282 1861 1379 1895 ἕνεκα
1402 1861 1439 1895 ἓν
1461 1863 1528 1896 τῶν
1551 1863 1666 1896 αἰτίων

255 1914 355 1947 ἐστίν.
397 1916 441 1954 B',
475 1919 504 1949 2.
528 1918 696 1948 996223:
729 1913 749 1946 ὃ
778 1912 822 1947 ἂν
849 1911 869 1958 ᾗ
900 1914 1037 1956 ἀγαθὸν
1064 1913 1146 1947 καθ’
1177 1912 1257 1946 αὑτὸ
1293 1916 1350 1946 καὶ
1383 1915 1439 1947 διὰ
1470 1915 1530 1957 τὴν
1563 1914 1667 1949 αὑτοῦ

255 1965 371 2011 φύσιν,
400 1969 492 2005 τέλος
518 1968 610 2002 ἐστὶν
637 1969 694 2001 καὶ
724 1966 828 2005 οὕτως
856 1971 976 2011 αἴτιον,
1005 1966 1056 2002 ὅτι
1087 1968 1217 2002 ἐκείνου
1240 1969 1337 2003 ἕνεκα
1360 1971 1417 2002 καὶ
1439 1972 1589 2014 γίγνεται
1610 1972 1668 2004 καὶ

257 2022 327 2054 ἔστι
347 2018 462 2054 τᾶλλα.
501 2026 544 2063 Δ,
568 2027 597 2054 2.
624 2026 705 2055 1013
721 2024 742 2055 b
760 2026 817 2054 25:
840 2022 881 2054 τὰ
904 2022 939 2054 δ’
966 2022 1010 2059 ὡς
1031 2022 1067 2055 τὸ
1091 2025 1185 2058 τέλος
1205 2025 1263 2054 καὶ
1285 2021 1437 2065 τάγαθὸν
1459 2026 1525 2058 τῶν
1547 2021 1668 2058 ἄλλων.

256 2077 297 2117 Κ,
322 2079 348 2108 1.
377 2079 457 2109 1059
474 2087 494 2108 a.
510 2080 567 2109 35:
591 2072 666 2109 οὔτε
688 2075 754 2119 γὰρ
778 2077 855 2119 περὶ
877 2075 913 2108 τὸ
939 2068 981 2108 οὗ
1004 2076 1132 2110 ἕνεκεν·
1155 2077 1309 2111 τοιοῦτον
1329 2077 1395 2120 γὰρ
1418 2076 1581 2120 τάγαθόν.

343 2131 365 2170 ’)
387 2132 464 2164 Met.
487 2132 526 2170 A,
554 2134 580 2162 1.
604 2132 665 2161 in.:
688 2128 817 2164 Πάντες
839 2127 1018 2171 ἄνθρωποι
1040 2131 1101 2162 τοῦ
1125 2130 1253 2164 εἰδέναι
1275 2130 1452 2174 ὀρέγονται
1474 2130 1585 2174 φύσει.
1610 2143 1669 2173 ση-

255 2184 354 2226 μεῖον
377 2180 411 2214 δ’
431 2180 533 2224 ἡτῶν
556 2180 748 2223 αἰσθήσεων
771 2180 951 2224 ἀγάπησις·
975 2185 1033 2216 καὶ
1053 2182 1120 2228 γὰρ
1139 2185 1245 2230 χωρὶς
1266 2186 1321 2226 τῆς
1340 2188 1454 2229 χρείας
1469 2184 1669 2229 ἀγαπῶνται

256 2235 303 2268 δι’
328 2233 440 2275 αὑτάς,
464 2237 521 2268 καὶ
542 2234 689 2279 μαλιστα
711 2238 777 2270 τῶν
800 2233 911 2270 ἄλλων
932 2235 951 2277 ἡ
967 2236 1025 2269 διὰ
1041 2239 1108 2271 τῶν
1131 2236 1306 2282 ὀμμάτων.
1331 2237 1370 2271 οὐ
1392 2239 1458 2284 γὰρ
1480 2239 1590 2284 μόνον
1611 2242 1668 2275 ἵνα

255 2287 466 2333 πράττωμεν,
495 2287 579 2321 ἀλλὰ
607 2291 665 2322 καὶ
693 2290 804 2334 μηθὲν
830 2292 1009 2335 μέλλοντες
1035 2289 1193 2337 πράττειν
1213 2291 1250 2325 τὸ
1274 2291 1359 2338 ὁρᾶν
1382 2292 1571 2339 αἱρούμεθα
1593 2295 1668 2329 αντὶ

257 2342 394 2378 πάντων
416 2342 460 2379 ὥς
480 2345 588 2378 εἰπεῖν
609 2346 676 2378 τῶν
698 2341 821 2379 αλλων.

348 2399 370 2437 ²)
394 2398 493 2439 Phys.
516 2399 559 2438 11,
584 2401 614 2430 2.
639 2401 806 2432 194235:
837 2398 938 2441 διχῶς
963 2397 1030 2442 γὰρ
1056 2397 1094 2431 τὸ
1124 2392 1164 2432 ου
1173 2392 1307 2433 Ἕνεκα·
1336 2403 1461 2443 εἴρηται
1484 2399 1515 2434 δ’
1542 2402 1579 2435 ἐν
1600 2404 1668 2438 τοῖς

259 2453 336 2497 περὶ
359 2453 575 2495 φιλοσοφίας.
603 2454 653 2485 De
675 2455 772 2485 anim.
794 2454 838 2492 11,
861 2456 891 2483 4.
915 2456 976 2484 415
994 2453 1015 2485 b
1032 2457 1070 2485 2:
1093 2453 1129 2486 τὸ
1154 2451 1188 2485 ‹5‘
1214 2447 1256 2485 οὗ
1278 2454 1376 2487 ἕνεκα
1399 2453 1520 2495 διττόν,
1543 2456 1579 2487 τὸ
1602 2456 1668 2498 μὲν

262 2498 372 2545 ου,τό
396 2505 435 2536 δὲ
458 2498 495 2546 ᾧ.
539 2507 617 2536 Met.
639 2509 687 2545 A,
712 2511 740 2538 7.
770 2509 846 2538 1072
862 2507 883 2537 b
900 2509 936 2535 2.
959 2505 1030 2536 ἔστι
1051 2504 1118 2549 γάρ
1141 2517 1205 2539 τινι
1227 2505 1263 2538 τὰ
1289 2517 1328 2537 ου
1351 2507 1460 2545 ἕνεκα,
1484 2500 1531 2540 ὧν
1544 2506 1581 2539 τό
1604 2508 1671 2551 μὲν

261 2558 332 2592 ἔστι
360 2557 396 2592 τὸ
426 2556 460 2591 δ’
492 2556 555 2590 οὐκ
583 2558 653 2591 ἔστι
682 2560 817 2601 (Bekk.,
847 2564 958 2592 contra
985 2559 1208 2601 Schweglerus
1237 2565 1268 2591 et
1296 2562 1486 2592 Bonitzius·
1513 2561 1583 2593 ἔστι
1604 2561 1673 2605 γὰρ

261 2611 373 2644 διττόν
395 2611 431 2643 τὸ
456 2604 495 2642 οὗ
517 2611 625 2643 ἕνεκα.
670 2614 736 2644 Nos
759 2614 952 2644 assentimur
973 2613 1152 2654 Bernaysio
1174 2613 1344 2644 scribenti:
1368 2612 1438 2645 ἔστι
1460 2611 1526 2655 γάρ
1548 2624 1615 2647 τινι
1635 2613 1673 2646 τὸ

264 2676 303 2697 ου
327 2665 423 2700 ἕνεκα
447 2667 507 2698 καί
524 2676 623 2702 τινος.
667 2667 714 2698 Cf.
739 2668 800 2699 Die
822 2667 960 2710 Dialoge
982 2667 1039 2700 des
1062 2668 1264 2708 Aristoteles,
1288 2678 1318 2710 p.
1338 2669 1423 2708 169.)

1377 2725 1429 2766 3*
