1837 3017
785 159 1068 200 —108—

207 264 424 316 prodomo
460 264 554 303 dicit
582 264 801 313 civitatem,
841 279 932 304 cum
969 263 1053 302 sive
1082 263 1222 303 domus
1250 264 1331 304 sive
1361 264 1531 304 civitatis
1559 268 1635 303 sta·

207 332 284 371 tuis
319 331 633 381 similitudinem,
678 346 742 371 res
777 332 825 372 ad
861 331 965 372 idem
1000 332 1082 371 fere
1116 330 1265 371 redeat.
1320 332 1368 372 In
1403 332 1632 372 universum

207 405 338 438 autem
376 399 507 438 dicere
540 398 732 438 audemus
767 399 1071 452 explicationem
1098 399 1231 450 paullo
1259 399 1416 452 longius
1444 398 1632 437 recedere

207 481 230 506 a
259 466 388 507 verbis
416 465 653 519 philosophi.
709 466 843 520 Atque
876 470 968 506 sunt
995 464 1096 505 aliae
1121 471 1327 519 praeterea
1343 480 1499 516 causae,
1530 480 1631 519 quae

207 532 416 585 quominus
460 534 500 572 in
539 532 704 573 eandem
751 547 838 573 cum
874 531 1055 571 Bonitzio
1092 532 1327 573 sententiam
1368 532 1631 574 concedamus

207 600 436 652 impediunt.
492 601 669 641 Primum
707 601 811 640 enim
848 599 1043 639 sententia
1076 614 1194 652 quam
1230 601 1434 641 Bonitzius
1474 597 1630 652 διακρί-

208 670 358 708 νεσθαι
385 668 508 708 verbo
539 667 699 708 subicit:
734 681 864 707 rerum
902 665 1060 706 interitu
1090 666 1254 707 aliarum
1282 667 1386 708 effici
1413 668 1633 722 generatio·

205 749 320 784 nem,
357 735 480 774 libros
515 735 775 775 Aristoteleos
811 733 1034 786 legentibus
1069 735 1227 788 saepius
1247 736 1456 790 ‚occul-rit,
1493 736 1544 774 cf.
1581 735 1631 774 de

204 814 295 854 gen.
332 808 372 841 et
411 816 512 842 corr.
544 801 581 852 Ι,
615 802 649 841 3.
690 802 767 841 318
789 801 902 850 2223,
939 806 1072 841 tamen
1113 816 1305 855 nusquam
1341 799 1631 855 διακρίνεσθαι

205 869 327 909 verbo
357 869 546 918 redditur,
583 869 688 921 quod
719 869 922 908 Bonitzius
959 868 1044 920 ipse
1081 869 1299 909 concedere
1334 870 1501 918 videtur,
1540 884 1630 909 eum
1662 876 1664 879 '

206 950 256 976 ne
284 950 404 977 unum
436 934 594 991 quidem
624 935 737 976 huius
771 949 864 976 usus
900 935 1126 990 exemplum
1161 935 1347 977 attulerit.
1404 935 1561 977 Deinde
1588 935 1627 977 in

206 1006 281 1043 hac
309 1004 636 1056 interpretatione
663 1004 766 1042 inest
793 1003 896 1042 idem
922 1010 1083 1056 propter
1103 1004 1207 1055 quod
1226 1005 1458 1045 Alexander
1477 1005 1631 1056 Aphro-

206 1070 385 1112 disiensis
415 1069 592 1124 magistri
621 1069 855 1111 sententiam
883 1070 1083 1124 reprobat.
1125 1070 1263 1111 Refert
1291 1071 1396 1113 enim
1425 1070 1628 1113 Bonitzius

207 1146 245 1178 et
270 1140 356 1191 ipse
384 1138 540 1178 ἅπασιν
568 1152 707 1177 vocem
735 1138 782 1176 ad
814 1151 880 1176 eas
905 1138 1008 1176 solas
1038 1153 1100 1176 res
1122 1153 1224 1191 quae
1243 1140 1342 1179 fiunt
1361 1146 1401 1179 et
1419 1140 1627 1186 intereunt,
1676 1137 1684 1145 ⁰

205 1200 312 1259 quod
340 1220 386 1246 eo
416 1205 543 1246 minus
579 1203 865 1244 admittendum
903 1210 978 1255 est,
1015 1220 1105 1245 cum
1140 1203 1303 1246 ἅπαντα
1339 1206 1378 1246 in
1404 1205 1626 1246 enunciato

204 1275 314 1312 iuxta
341 1273 490 1326 posito:
519 1271 588 1312 καὶ
616 1267 723 1311 ὄὲλλα
752 1270 880 1318 οὕτως
905 1269 1002 1318 ἐστί,
1033 1265 1089 1311 ὦν
1107 1277 1294 1317 κοινωνεῖ
1311 1271 1474 1313 ἅπαντα
1503 1271 1561 1320 εἷς
1578 1272 1626 1312 τὸ

164 1385 172 1393 1
204 1338 311 1387 ὅλον,
361 1340 410 1380 ad
452 1354 588 1380 omnes
631 1340 788 1380 omnino
836 1353 937 1392 quae
978 1345 1136 1381 exstent
1176 1355 1240 1381 res
1282 1341 1479 1395 pertinere
1520 1339 1627 1380 velit.

204 1408 342 1461 Pergit
376 1408 497 1448 enim:
541 1407 697 1461 aliaque
743 1421 845 1461 quae
880 1407 1138 1448 communiter
1173 1410 1305 1448 omnia
1339 1409 1545 1449 conferunt
1576 1408 1626 1448 ad

204 1475 444 1515 servandum
480 1474 614 1515 mundi
648 1474 840 1514 ordinem.
895 1475 1080 1529 Denique
1114 1490 1192 1516 non
1223 1476 1315 1516 satis
1342 1477 1418 1516 sibi
1447 1482 1628 1517 constare

205 1543 362 1583 videtur
390 1543 450 1582 vir
479 1542 766 1583 eruditissimus
795 1542 833 1582 in
864 1542 1141 1596 explicatione.
1188 1543 1292 1583 Nam
1318 1544 1487 1597 primum
1508 1543 1629 1584 verba

204 1610 300 1651 facit
333 1611 382 1650 de
413 1610 546 1649 mundi
585 1610 723 1649 ordine
759 1610 966 1650 efficiendo
1002 1618 1042 1650 et
1070 1610 1363 1659 conservando,
1400 1611 1542 1652 deinde
1579 1611 1627 1651 de

204 1678 350 1719 mundo
380 1677 702 1729 consummando,
731 1685 812 1718 tum
843 1677 892 1718 ad
924 1679 1097 1719 universi
1124 1678 1260 1719 mundi
1289 1679 1465 1720 ordinem
1493 1678 1608 1720 redit.

310 1747 396 1786 Iam
435 1746 658 1794 videamus,
704 1746 797 1799 quid
834 1745 1064 1785 Alexander
1096 1746 1416 1801 Aphrodisiensis
1457 1746 1505 1786 de
1539 1746 1626 1787 loco

206 1828 325 1867 quem
354 1820 569 1853 tractamus
599 1813 794 1853 statuerit.
851 1812 974 1854 Cuius
1003 1814 1125 1854 verba
1152 1821 1244 1854 suut
1272 1816 1368 1855 haec
1396 1815 1464 1867 (cf.
1493 1814 1626 1855 Schol.

206 1882 244 1920 in
275 1881 442 1920 Aristot.
473 1881 561 1920 coll.
593 1881 775 1919 Brandis.
806 1895 845 1933 p.
863 1882 936 1920 811
961 1895 984 1919 a
1003 1881 1187 1935 8seqq.):
1215 1881 1261 1922 τὸ
1292 1881 1449 1924 ἅπασιν
1467 1879 1540 1923 οὐκ
1559 1879 1629 1922 ἐπὶ

204 1950 285 1987 τῶν
313 1947 355 1987 ἐν
383 1947 537 2000 γενέσει
565 1945 692 1996 μόνον
722 1944 889 1990 ἀκούειν
918 1947 992 1994 δεῖ,
1021 1944 1113 1986 ἀλλ’
1135 1947 1206 1988 ἐπὶ
1225 1946 1388 1989 πάντων
1407 1949 1476 1989 καὶ
1494 1946 1627 1989 αὐτῶν

206 2017 310 2070 φημὶ
336 2018 417 2057 τῶν
444 2016 799 2068 κυκλοφορητικῶν
825 2014 893 2056 καὶ
925 2014 1052 2056 θείων
1079 2014 1289 2066 σωμάτων,
1316 2014 1371 2058 ἵν’
1392 2013 1420 2072 ᾗ
1443 2017 1491 2058 τὸ
1520 2014 1627 2070 λεγό-

203 2100 338 2134 μενον,
370 2080 523 2136 ἀνάγκη
552 2081 687 2123 ἅπασι
715 2083 783 2122 καὶ
808 2086 895 2130 τοῖς
922 2082 964 2124 ἐν
991 2083 1146 2135 γενέσει
1173 2085 1242 2125 καὶ
1268 2088 1354 2134 τοῖς
1381 2086 1627 2140 κυκλοφορη-

203 2155 331 2202 τικοῖς
368 2151 508 2194 ἐλθεῖν
547 2148 604 2200 εἰς
637 2149 683 2192 τὸ
720 2152 989 2206 διακριθῆναι
1026 2147 1117 2206 ἤτοι
1146 2155 1359 2208 συστῆναι·
1395 2152 1523 2203 οὕτως
1551 2153 1626 2208 γὰρ

197 2218 475 2275 Ἀναξαγόρας
512 2221 659 2273 ἔλεγεν,
695 2218 757 2260 ὅτι
792 2218 1002 2273 διακρίνας
1037 2218 1059 2261 ὁ
1090 2223 1185 2270 νοῦς
1219 2219 1295 2264 ἀπ’
1332 2221 1521 2277 ἀλλήλων
1554 2222 1628 2272 τὰς

205 2287 494 2344 ὁμοιομερείας
523 2288 741 2341 συνέστησε
768 2288 815 2329 τὸ
845 2291 935 2329 πᾶν·
964 2289 1011 2328 τὸ
1042 2289 1087 2330 δὲ
1116 2291 1208 2339 ,,καὶ
1237 2286 1343 2331 ἅλλα
1372 2290 1502 2340 οὕτως
1521 2291 1628 2332 ἐστὶν

205 2351 261 2397 ὦν
288 2360 476 2398 κοινωνεῖ
502 2355 667 2397 ἅπαντα
697 2353 754 2404 εἶς
781 2355 828 2396 τὸ
859 2355 980 2397 ὅλον“
1012 2358 1172 2407 συνεχὲς
1200 2354 1248 2397 ἂν
1277 2356 1340 2411 εἴη
1358 2361 1415 2413 τῷ
1435 2359 1530 2412 περὶ
1557 2361 1628 2412 τῆς

205 2423 421 2472 πολιτείας
449 2422 736 2477 ὑποδείγματι·
767 2420 822 2471 ὡς
842 2421 878 2463 εἰ
898 2423 1043 2473 ἔλεγεν,
1073 2422 1212 2476 ὥσπερ
1242 2425 1311 2465 ἐπὶ
1338 2428 1389 2479 τῇ
1415 2429 1486 2480 τῆς
1514 2427 1630 2467 πολι-Δ

203 2490 316 2540 τείας
344 2489 541 2533 συστάσει
569 2490 705 2532 noima
734 2495 918 2532 κοινωνεῖ
946 2489 1153 2545 ἀλλήλοις,
1184 2491 1314 2541 οὕτως
1334 2491 1412 2534 εἰσὶ
1432 2494 1500 2534 καὶ
1520 2489 1627 2534 ἄλλα

205 2559 294 2600 τινὰ
328 2562 601 2601 κοινωνοῦντα
636 2561 706 2601 καὶ
741 2563 978 2613 βοηθοῦντα
1017 2554 1215 2614 ἀλλήλοις
1244 2558 1301 2609 εἰς
1328 2561 1401 2614 τήν
1427 2562 1500 2601 τοῦ
1529 2559 1627 2600 ὅλου

207 2625 513 2683 συμπλήρωσιν.
570 2629 683 2679 Quae
710 2628 982 2683 interpretatio
1016 2630 1095 2669 iam
1122 2628 1235 2669 nobis
1264 2629 1528 2671 examinanda
1555 2634 1627 2671 est.
