1837 3017
210 247 328 286 haee:
365 246 441 287 alio
474 253 602 288 autem
630 253 697 287 aut
723 248 920 297 seiuncto,
954 249 991 288 h.
1012 262 1044 288 e.
1084 250 1186 304 quod
1225 248 1281 291 ita
1313 254 1373 288 est
1404 249 1527 300 aliud,
1564 255 1608 290 ut

206 314 424 362 substantia
442 330 466 355 a
483 315 668 355 sensitivo
688 315 857 365 differat,
885 322 953 356 aut
971 330 1029 366 eo,
1059 317 1161 370 quod
1180 317 1236 357 ita
1254 321 1314 356 est
1332 316 1450 365 aliud,
1478 330 1607 370 quem-

206 380 413 423 admodum
445 382 550 422 linea
586 382 663 421 alia
699 388 759 422 est
791 383 858 423 ubi
891 383 1113 434 inflectitur,
1155 385 1231 424 alia
1269 384 1337 425 ubi
1370 383 1605 434 extenditur,

205 449 243 488 h.
264 463 297 489 e.
326 451 418 501 alio,
447 450 550 504 quod
577 449 795 489 substantia
823 451 978 505 quidem
1006 451 1109 491 idem
1136 458 1195 491 est
1221 458 1337 506 atque
1366 450 1607 501 sensitivum,

163 518 171 531 ⁸
206 516 337 557 differt
361 525 493 559 autem
521 518 570 558 ab
597 530 643 557 eo
671 518 829 559 notione
861 519 944 559 sive
978 518 1091 558 modo
1117 519 1213 573 (quo
1240 519 1431 560 vocabulo
1460 519 1525 560 hic
1552 518 1607 559 ita

206 585 364 634 utimur,
397 593 441 626 ut
466 585 645 640 proxime
673 586 835 625 accedat
862 586 911 625 ad
937 586 1259 641 significationem
1287 603 1403 641 quam
1432 587 1607 642 Spinoza

206 651 296 691 huic
322 654 408 692 voci
435 652 618 705 subiecit)
646 653 773 692 carnis
799 653 997 693 notionem
1025 653 1200 708 percipit.
1248 655 1407 696 Etenim
1433 654 1537 694 linea
1568 659 1607 693 et

207 734 293 758 cum
312 720 523 760 inflectitur
542 726 581 759 et
601 735 687 759 cum
707 720 943 770 extenditur,
964 721 1181 760 substantia
1200 722 1356 775 quidem
1378 728 1436 761 est
1454 722 1604 770 eadem,

204 785 359 827 diversa
385 787 500 828 modo
527 792 566 826 et
592 787 761 827 notione.
811 787 926 836 Quod
945 787 1176 828 Aristoteles
1202 794 1247 828 ut
1265 788 1499 836 ostenderet,
1525 787 1604 828 non

206 853 303 893 dixit
330 851 386 903 ὡς
403 851 428 908 ἦ
448 854 693 907 κεκλασμένη
710 853 791 905 ἔχει
816 855 921 909 πρὸς
945 854 1018 909 τὴν
1045 852 1225 903 εὐθεῖαν,
1254 857 1321 895 sed
1350 854 1454 909 πρὸς
1482 853 1606 910 αὑτὴν

203 919 299 962 ὅταν
326 921 494 977 ἐκταθῇ,
529 938 606 977 quo
642 923 805 963 eandem
839 937 998 963 manere
1033 924 1311 973 substantiam,
1349 924 1509 964 modum
1544 938 1606 964 ex-

202 989 339 1030 sistere
358 991 475 1031 alium
493 992 637 1044 optime
656 990 909 1043 significatur.
952 991 1174 1031 Illustratur
1192 991 1312 1044 igitur
1335 992 1398 1030 hic
1426 992 1605 1045 exemplo

204 1055 429 1110 discrimen,
478 1058 582 1112 quod
614 1071 732 1111 supra
765 1057 1007 1104 indicaverat
1040 1058 1170 1098 verbis
1204 1055 1231 1113 ἢ
1265 1054 1375 1113 ἶίλλῳ
1410 1055 1437 1114 ἢ
1474 1054 1606 1109 ἄλλως

203 1121 333 1173 ἔχοντι
346 1125 386 1177 ¹).

307 1193 353 1233 In
381 1193 428 1234 iis
457 1207 557 1248 quae
584 1194 760 1248 proxime
779 1199 995 1248 sequuntur
1014 1193 1259 1245 Aristoteles,
1289 1209 1377 1248 quo,
1407 1195 1444 1235 h.
1465 1208 1499 1235 e.
1529 1209 1606 1249 qua

203 1267 314 1313 parte
348 1261 431 1300 sive
465 1262 660 1312 facultate,
696 1276 805 1301 mens
833 1262 1037 1314 intellegat
1056 1272 1127 1300 'res
1155 1263 1448 1301 mathematicas
1476 1262 1603 1301 docet.

205 1328 436 1368 Absolvitur
464 1335 593 1369 autem
623 1331 909 1382 argumentatio
938 1329 1087 1368 verbis:
1123 1329 1191 1369 καὶ
1218 1328 1322 1378 ὅλως
1349 1325 1427 1383 ἄρα
1455 1325 1512 1378 ὥς
1534 1344 1606 1379 χω-

203 1395 321 1448 ριστὰ
348 1395 399 1435 τὰ
428 1393 646 1449 πράγματα
678 1398 750 1451 τῆς
784 1394 901 1449 ῧλης,
938 1394 1046 1436 οὕτω
1079 1396 1147 1436 καὶ
1180 1396 1231 1436 τὰ
1266 1397 1364 1450 περὶ
1395 1397 1466 1438 τὸν
1500 1399 1604 1446 νοῦν,

205 1471 376 1518 „atque
404 1464 597 1503 omnino
626 1464 1025 1517 quemadmodum
1053 1465 1279 1505 notiones
1307 1471 1606 1518 segregatae

204 1539 355 1572 sunta
373 1532 587 1582 materia,
616 1534 686 1571 ita
713 1546 790 1571 res
818 1532 957 1571 etiam
985 1533 1029 1571 in
1050 1537 1208 1571 mente
1228 1546 1274 1571 se
1294 1532 1483 1583 habet,“
1511 1533 1550 1572 h.
1571 1548 1606 1572 e.

203 1601 257 1637 ita
286 1600 401 1638 etiam
428 1613 539 1638 mens
568 1600 754 1639 materiae
780 1600 962 1639 immunis
991 1605 1060 1638 est.

304 1666 504 1707 Universa
535 1667 655 1720 igitur
692 1668 977 1720 argumentatio
1020 1674 1079 1707 est
1116 1669 1224 1708 haec.
1279 1669 1360 1708 Res
1401 1673 1607 1707 concretae

203 1741 242 1771 et
268 1733 445 1772 notiones
480 1734 581 1772 inter
607 1747 650 1772 se
680 1734 884 1783 differunt,
920 1749 1036 1787 quam
1075 1736 1124 1774 ob
1160 1749 1317 1774 causam
1345 1748 1456 1773 mens
1484 1740 1605 1773 utras-

204 1814 279 1853 que
298 1814 376 1838 non
398 1799 545 1850 eodem,
573 1800 612 1839 h.
633 1815 665 1839 e.
693 1814 770 1840 non
792 1801 927 1840 eadem
941 1807 1057 1854 'parte
1077 1802 1159 1841 sive
1177 1802 1372 1852 facultate,
1400 1803 1606 1854 percipere

295 1972 317 2011 ¹)
341 1972 388 2003 cf.
412 1974 473 2002 429
489 1972 511 2003 b
528 1974 583 2003 20:
613 1971 711 2014 ἑτέρῳ
739 1968 804 2014 ἄρα
826 1969 846 2013 ἢ
870 1972 986 2013 ἑτέρως
1009 1972 1117 2013 ἔχοντι
1140 1972 1256 2015 κρίνεὶ.
1302 1974 1353 2013 11,
1377 1976 1408 2004 2.
1431 1975 1495 2004 413
1510 1973 1532 2004 b
1549 1976 1606 2004 14:

202 2025 260 2057 καὶ
281 2026 311 2057 εἲ
331 2022 465 2068 μόριον,
489 2022 631 2065 πότερον
655 2023 757 2062 οὕτως
778 2023 860 2059 ὥστ’
879 2024 963 2059 εἶναι
979 2025 1146 2068 χωριστὸν
1168 2024 1258 2068 λόγῳ
1272 2023 1382 2069 μόνον
1397 2022 1416 2066 ἢ
1432 2026 1489 2057 καὶ
1504 2023 1606 2066 τόπῳ.

202 2081 261 2119 ΙΙΙ,
285 2083 314 2110 4.
339 2081 398 2111 iu.:
429 2080 513 2121 Περὶ
536 2079 573 2112 δὲ
596 2080 654 2111 τοῦ
675 2082 799 2122 μορίου
822 2081 881 2112 τοῦ
902 2081 957 2120 τῆς
978 2081 1087 2121 ψυχῆς
1109 2072 1135 2121 ᾧ
1157 2078 1315 2122 γινώσκει
1337 2091 1371 2112 τε
1392 2077 1412 2119 ἡ
1436 2077 1527 2120 ψυχὴ
1550 2081 1607 2110 καὶ

203 2135 334 2175 φρονεῖ,
358 2135 420 2164 εἴτε
439 2134 608 2174 χωριστοῦ
633 2128 728 2168 ὄντος
750 2135 812 2165 εἴτε
829 2134 885 2164 καὶ
898 2131 945 2176 μὴ
954 2134 1124 2175 χωριστοῦ
1139 2131 1223 2165 κατὰ
1246 2135 1392 2175 μέγεθος
1414 2131 1498 2164 ἀλλὰ
1522 2130 1605 2164 κατὰ

203 2184 305 2228 λόγον
327 2188 394 2217 κτλ.
440 2187 515 2217 Alia
536 2190 632 2227 atque
654 2197 713 2218 nos
738 2189 850 2219 statuit
872 2187 1195 2229 Trendelenburgius,
1219 2189 1276 2228 qui
1298 2191 1464 2220 comment.
1495 2197 1524 2227 p.
1543 2188 1604 2217 477

205 2241 378 2279 ,Inflexa‘,
406 2241 463 2279 nit,
488 2240 593 2277 „linea
615 2250 632 2270 e
653 2245 738 2271 recta
760 2245 836 2271 nata
856 2241 1015 2280 posterius
1038 2241 1163 2281 aliquid
1185 2245 1244 2279 est,
1272 2241 1324 2271 eui
1347 2245 1434 2271 reeta
1454 2245 1606 2280 tanquam

202 2295 292 2335 prius
315 2294 435 2325 subest.
481 2293 516 2322 Si
544 2293 693 2324 inflexam
722 2295 756 2324 in
784 2297 901 2324 rectam
929 2303 1041 2324 rursus
1070 2293 1264 2331 extenderis,
1294 2294 1441 2333 princeps
1471 2293 1552 2324 illud
1574 2297 1605 2323 et

203 2357 301 2379 causa
321 2347 511 2378 restituitur.
555 2346 606 2378 Ita
627 2357 727 2386 mens,
751 2348 780 2378 si
802 2347 975 2385 notionem,
1000 2357 1081 2387 quae
1103 2357 1166 2378 rem
1190 2348 1358 2378 constituit
1380 2352 1529 2387 tanquam
1552 2346 1604 2376 lex

202 2405 233 2431 et
262 2411 374 2438 causa,
406 2400 617 2438 intellexerit,
647 2401 725 2438 hoc,
756 2399 839 2439 quod
861 2399 989 2438 subest,
1020 2401 1175 2439 sublatis,
1206 2410 1288 2439 quae
1318 2401 1468 2431 materiae
1489 2403 1604 2430 natura

203 2455 328 2486 notioni
351 2454 551 2492 acciderunt,
580 2455 614 2485 in
638 2454 825 2495 dignitatem
847 2454 990 2485 restituit
1013 2456 1134 2487 suam.‘
1181 2453 1273 2491 Quod
1296 2455 1329 2485 iu
1353 2453 1460 2485 verbis
1481 2453 1604 2484 Aristo-

202 2508 276 2538 telis
305 2509 411 2537 inesse
440 2516 532 2546 posse
559 2518 623 2538 non
652 2516 815 2546 negamus.
859 2507 979 2537 Tamen
1008 2509 1116 2547 aptius
1149 2507 1242 2537 nobis
1270 2508 1503 2547 argumentatio
1533 2516 1604 2546 pro-

204 2560 294 2602 gredi
316 2561 454 2599 videtur,
478 2560 505 2591 si
528 2560 616 2591 illam
641 2570 735 2602 quam
757 2559 981 2603 proposuimus
1003 2561 1164 2592 notionem
1188 2559 1374 2591 subicimus.
1413 2560 1474 2591 Sed
1490 2559 1530 2591 de
1543 2559 1606 2593 hnc

203 2616 332 2655 quidem
354 2626 387 2647 re
409 2615 565 2646 iudicium
587 2617 630 2647 sit
651 2624 747 2656 penes
768 2614 861 2660 alios.
