1837 3017
783 130 1037 169 ..88-

207 240 246 274 et
274 232 568 286 cognoscendi?
603 232 683 273 Sed
713 234 907 288 quomodo
935 234 1010 273 hoc
1036 232 1122 273 fieri
1148 239 1290 287 potest,
1318 240 1362 273 ut
1389 239 1616 288 procreetur

206 302 426 342 intellectus
459 302 650 340 humanus
678 316 702 340 a
728 301 885 341 numine
915 300 1046 340 divino
1082 307 1200 354 atque
1227 300 1267 340 in
1301 314 1443 354 corpus
1470 300 1617 341 intret‘?
1645 340 1648 344 ,

207 368 314 408 Num
343 368 512 408 motione
541 381 642 420 quae
669 382 692 407 a
720 368 793 407 deo
823 367 996 407 exoritur
1023 367 1061 407 id
1091 372 1220 420 potest
1239 367 1372 407 effici‘?
1398 367 1542 408 Tacuit
1568 367 1616 407 de

209 436 283 474 hac
316 449 358 474 re
396 434 646 484 Aristoteles,
693 433 1024 488 quemadmodum
1064 434 1103 473 in
1140 432 1364 473 universum
1399 447 1478 473 non
1513 439 1618 474 amat

210 503 406 555 explicare
441 515 542 553 quae
576 502 765 554 explicari
802 508 1021 554 nequeunt3
1058 502 1241 554 quocirca
1275 515 1326 540 ne
1358 514 1431 540 nos
1459 501 1617 554 quidem

209 568 448 610 comminisci
483 568 681 620 volumus,
718 567 909 622 quomodo
946 568 1198 622 philosophus
1234 581 1317 607 rem
1345 567 1418 607 sibi
1445 567 1616 608 finxerit.

209 637 358 676 Tamen
396 635 607 676 dicendum
637 643 694 675 est
723 643 857 675 contra
885 635 1166 684 Themistium,
1204 635 1270 687 qui
1303 634 1459 674 luminis
1486 635 1619 675 simili-

206 702 342 742 tudine
368 717 473 753 usus,
502 718 618 756 quam
637 702 868 742 Aristoteles
896 702 945 741 ob
966 702 1080 741 aliam
1110 716 1264 741 causam
1294 701 1466 755 protulit,
1495 707 1617 755 putat,

208 769 321 808 sicuti
350 770 407 808 sol
427 770 476 808 sit
495 784 604 818 unus,
633 770 699 808 lux
729 775 858 808 autem
880 768 1056 807 discedat
1076 768 1115 807 in
1135 768 1276 817 radios,
1305 768 1359 807 sie
1377 768 1618 807 intellectum

210 848 366 888 quoque
395 849 479 875 esse
508 850 645 884 unum,
681 835 749 875 sed
783 835 822 874 in
853 835 995 875 multos
1024 834 1244 874 abeuntem.
1299 834 1440 888 Itaque
1469 835 1501 874 si
1530 849 1616 874 cum

209 916 255 941 eo
284 902 460 950 facimus,
490 902 688 941 hominum
717 902 937 941 intellectus
966 907 1129 953 agentes
1157 907 1196 940 et
1224 901 1443 941 intellectus
1463 900 1617 940 divinus

209 969 311 1008 inter
338 983 378 1008 se
405 983 481 1008 non
511 968 706 1008 differunt.
748 967 837 1016 Quo
867 970 986 1008 etiam
1006 968 1151 1007 Zelleri
1180 969 1374 1007 sententia
1400 968 1562 1008 inclinat
1574 967 1618 1021 ¹),

209 1036 387 1089 quamvis
422 1036 537 1076 homo
576 1035 820 1076 doctissimus
856 1036 949 1090 quid
978 1035 1013 1076 ei
1042 1036 1170 1076 obstet
1196 1035 1340 1089 optime
1367 1035 1616 1088 intellexerit,

210 1103 290 1144 Sed
329 1118 416 1143 cum
445 1104 676 1143 Aristoteles
721 1104 942 1143 intellectus
977 1109 1140 1156 agentes
1174 1104 1213 1142 in
1248 1103 1386 1142 animis
1419 1103 1616 1142 hominum

208 1171 335 1210 inesse
365 1169 470 1209 dicat
483 1169 525 1222 ²),
559 1170 590 1210 si
619 1170 724 1211 illam
754 1170 960 1211 Themistii
989 1169 1221 1209 sententiam
1252 1169 1535 1224 amplectimur,
1564 1169 1617 1209 in-

208 1238 387 1278 ducimur
428 1238 466 1276 in
506 1239 814 1291 pantheismum,
861 1252 976 1291 quem
1011 1251 1034 1275 a
1071 1237 1250 1276 doctrina
1283 1237 1520 1277 Aristotelea
1553 1237 1617 1277 ab·

208 1306 365 1345 horrere
394 1306 487 1344 satis
518 1306 796 1358 comprobatur
823 1305 909 1346 loco
939 1318 1014 1344 uno
1044 1304 1110 1357 qui
1140 1310 1198 1343 est
1227 1304 1321 1344 Met.
1348 1308 1408 1355 A,
1442 1306 1489 1344 10
1515 1304 1617 1356 ἤι’).

207 1373 349 1425 Itaque
377 1388 448 1411 nos
476 1372 635 1425 quidem
662 1372 774 1412 nobis
803 1372 1068 1425 persuasimus
1095 1371 1314 1410 intellectus
1343 1377 1505 1423 agentes
1533 1385 1619 1411 esse

208 1439 382 1492 singulos
410 1439 655 1491 singulorum
682 1438 896 1489 hominum,
926 1438 1119 1490 originem
1139 1451 1234 1477 vero
1254 1437 1400 1478 habere
1419 1453 1442 1478 a
1461 1438 1619 1479 numine

209 1506 340 1546 divino
353 1507 396 1557 ⁴).
441 1507 630 1546 Similiter
651 1506 885 1545 Aristoteles
913 1505 1025 1544 nobis
1045 1505 1201 1544 videtur
1229 1505 1344 1544 etiam
1373 1506 1617 1558 planetarum

300 1633 320 1671 ¹)
344 1633 463 1664 Philos.
489 1633 517 1663 d.
543 1633 668 1665 Griech.
693 1634 735 1671 ΙΙ,
760 1636 788 1664 2.
812 1643 842 1672 p.
857 1635 936 1663 440:
964 1633 1044 1669 „Die
1059 1632 1184 1672 thatige
1200 1633 1358 1663 Vernunft
1373 1634 1417 1663 ist
1432 1634 1490 1664 mit
1505 1634 1618 1663 Einem

208 1685 299 1715 Wort
320 1684 411 1715 nicht
441 1685 538 1716 allein
567 1685 623 1716 das
647 1685 809 1717 Gottliche
840 1686 883 1716 im
907 1685 1097 1724 Menschen,
1128 1685 1263 1724 sondern
1295 1686 1341 1716 sie
1367 1687 1411 1717 ist
1442 1686 1496 1717 der
1519 1686 1620 1717 Saehe

207 1738 289 1769 nach
313 1748 377 1768 von
407 1738 477 1768 dem
508 1739 686 1778 gottlichen
711 1740 820 1770 Geiste
850 1739 951 1769 selbst
971 1738 1062 1768 nieht
1083 1738 1312 1777 verschieden3
1344 1740 1426 1770 deun
1456 1750 1548 1770 wenn
1571 1741 1620 1770 sie

207 1791 289 1821 auch
317 1791 365 1821 als
393 1791 606 1821 individuelle
635 1792 694 1821 mit
724 1791 795 1821 dem
823 1792 916 1823 Keim
951 1792 1057 1821 seiner
1088 1791 1312 1832 kerperlichen
1348 1792 1414 1823 und
1441 1792 1619 1830 seelisehen

206 1846 307 1876 Natur
329 1845 363 1875 in
388 1844 448 1875 den
471 1845 646 1877 Einzelnen
677 1845 825 1886 eingeht,
857 1845 937 1875 wird
965 1846 1012 1876 sie
1042 1845 1122 1876 doeh
1153 1844 1303 1885 augleieh
1334 1856 1369 1876 so
1397 1845 1618 1885 beschrieben,

207 1898 280 1929 dass
303 1898 390 1927 diese
411 1899 654 1938 Beschreibung
676 1909 738 1929 nur
760 1899 819 1928 auf
838 1898 898 1927 den
922 1898 1134 1938 allgemeinen
1158 1899 1250 1928 Geist
1273 1901 1391 1938 passt.“

296 1949 321 1989 ²)
343 1950 393 1981 De
416 1952 511 1983 anim.
534 1951 575 1990 11,
601 1954 629 1982 2.
654 1953 717 1983 413
733 1951 754 1982 b
772 1954 831 1982 24:
852 1950 929 1991 περὶ
953 1949 990 1981 δὲ
1013 1951 1073 1982 τοῦ
1096 1951 1158 1983 νοῦ
1182 1952 1239 1983 καὶ
1260 1952 1314 1992 τῆς
1337 1953 1538 1994 θεωρητικῆς
1560 1952 1620 1984 δυ-

210 2001 342 2045 νάμεως
365 2001 465 2034 οὐδέν
490 2014 541 2034 πω
565 2002 728 2046 φανερόν,
753 2001 826 2035 ἀλλ’
846 2004 932 2036 ἔοικε
951 2004 1059 2044 ψυχῆς
1073 2006 1172 2045 γένος
1194 2005 1306 2047 ἕτερον
1329 2004 1425 2043 εἶναι,
1448 2007 1617 2038 καὶτοῦτο

205 2053 314 2099 μόνον
338 2056 509 2097 ἐνδέχεται
527 2059 741 2098 χωρίζεσθαι,
765 2055 924 2099 καθάπερ
946 2055 982 2089 τὸ
1008 2055 1122 2090 ἀΐδιον
1144 2059 1203 2090 τοῦ
1227 2058 1397 2101 φθαρτοῦ.
1431 2059 1489 2098 111,
1505 2062 1535 2091 5.
1557 2061 1618 2091 ina

204 2108 296 2142 Ἐπεὶ
321 2110 357 2141 δ’
384 2107 497 2150 ὥσπερ
523 2110 558 2141 ἐν
581 2107 694 2154 ἁπάσῃ
718 2110 757 2153 τῇ
779 2107 882 2152 φύσει
905 2110 978 2143 ἔστί
995 2123 1022 2143 τι
1046 2109 1082 2143 τὸ
1105 2111 1172 2154 μὲν
1196 2110 1256 2152 ὕλη
1280 2111 1408 2153 ἑκάστῳ
1430 2114 1551 2154 γένει,.
1566 2137 1593 2146 ..
1610 2136 1620 2154 .,

206 2165 318 2207 ἕτερον
342 2164 379 2195 δὲ
402 2163 438 2195 τὸ
462 2165 570 2195 αἴτιον
593 2164 649 2194 καὶ
672 2162 856 2202 ποιητικόν,
877 2187 885 2195 .
906 2187 913 2195 .
935 2188 943 2196 .
962 2163 1092 2207 ἀνάγκη
1124 2166 1181 2197 καὶ
1211 2165 1248 2199 ἐν
1278 2166 1318 2209 τῇ
1341 2166 1433 2209 ψυχῇ
1455 2164 1619 2208 ὑπάρχειν

207 2215 326 2252 ταύτας
355 2218 413 2252 τὰς
443 2213 621 2259 διαφοράς.
653 2217 709 2247 καὶ
740 2217 828 2250 ἔστιν
853 2215 870 2249 ὁ
893 2217 958 2260 μὲν
980 2219 1130 2256 τοιοῦτος
1150 2221 1231 2255 νοῦς
1252 2220 1297 2261 τῷ
1320 2216 1430 2252 πάντα
1452 2221 1621 2261 γίνεσθαι,

207 2269 224 2302 ὁ
249 2270 286 2302 δὲ
309 2271 353 2311 τῷ
375 2268 484 2303 πάντα
509 2272 630 2302 ποιεῖν.

297 2325 318 2361 ³)
340 2321 580 2355 Ἐπισκεπτέον
604 2322 641 2354 δὲ
666 2323 722 2353 καὶ
745 2325 891 2365 ποτέρως
915 2324 980 2365 ἔχει
997 2322 1016 2364 ἡ
1033 2326 1092 2356 τοῦ
1116 2322 1197 2356 ὅλου
1221 2322 1323 2366 φύσις
1345 2324 1380 2356 τὸ
1405 2324 1540 2368 ἀγαθὸν
1562 2326 1620 2357 καὶ

205 2375 241 2410 τὸ
266 2374 415 2420 ἄριστον,
445 2374 588 2417 πότερον
619 2379 869 2419 κεχωρισμένον
896 2390 925 2409 τι
955 2379 1012 2409 καὶ
1041 2377 1121 2411 αὐτὸ
1152 2377 1233 2409 καθ’
1259 2375 1357 2418 αὑτό,
1388 2376 1487 2420 ἢτὴν
1508 2377 1617 2416 τάξιν,-

204 2427 224 2470 ἢ
248 2429 447 2472 ἀμφοτέρως
477 2428 589 2471 ὥσπερ
621 2427 821 2473 στράτευμα.
851 2433 908 2462 καὶ
936 2430 1001 2474 γὰρ
1034 2432 1070 2465 ἐν
1098 2433 1138 2475 τῇ
1166 2429 1252 2466 τάξει
1276 2429 1312 2463 τὸ
1337 2428 1372 2464 εὖ
1395 2435 1452 2464 καὶ
1475 2432 1493 2464 ὁ
1518 2443 1619 2475 στρα-

205 2480 317 2525 τηγός,
345 2484 403 2514 καὶ
435 2483 566 2525 μᾶλλον
598 2474 710 2518 οὗτος·
741 2482 779 2515 οὗ
807 2484 872 2528 γὰρ
902 2477 996 2521 οὗτος
1025 2484 1082 2518 διὰ
1110 2484 1169 2525 τὴν
1199 2482 1291 2521 τάξιν
1321 2483 1398 2518 ἀλλ’
1424 2486 1532 2527 ἐκείνη
1561 2484 1618 2518 διὰ

207 2534 323 2569 τοῦτόν
346 2536 446 2569 ἔστιν.

292 2591 317 2630 ⁴)
341 2590 391 2622 cf.
414 2590 495 2622 Plat.
521 2591 603 2624 Tim.
627 2594 665 2623 41
679 2592 780 2636 quq.
