1837 3017
797 213 1049 251 „55-

217 316 403 356 convenit
440 322 561 369 atque
594 317 712 356 etiam
744 316 785 356 in
819 330 867 355 ea
899 330 1000 369 quae
1028 318 1201 357 animata
1228 330 1306 356 non
1337 321 1439 356 sunt.
1492 316 1625 356 Veluti

216 381 381 421 dicimus
414 395 559 434 equum
597 395 689 422 casu
724 385 899 430 venisse,
940 388 1149 435 propterea
1189 383 1294 437 quod
1335 388 1514 422 servatus
1554 390 1624 432 est,

195 439 307 487 'cum
335 448 499 496 veniret,
528 455 617 503 'non‘
634 454 765 488 autem
784 449 834 488 ob
854 462 942 489 eam
961 462 1117 488 causam
1137 451 1254 500 venit,
1284 457 1403 503 atque
1430 448 1623 501 tripodem

216 513 431 554 concidisse
450 528 557 564 casu,
578 514 684 568 quod
702 515 886 555 adstabat
904 515 1073 569 quidem,
1099 522 1142 556 ut
1160 517 1245 569 quis
1263 518 1303 557 in
1323 531 1369 557 eo
1389 516 1623 565 consideret,

214 593 294 620 non
322 586 452 620 sutem
481 582 532 621 ob
559 596 645 622 eam
673 596 830 622 causam
859 581 1029 622 concidit
1040 581 1084 634 ¹).

317 647 458 689 Restat
485 655 527 690 ut
554 648 817 704 inquiramus,
847 649 914 704 qui
941 649 1027 699 fiat,
1056 654 1100 689 ut
1125 651 1311 690 nonnulla
1338 666 1429 692 casu
1457 649 1622 707 perinde

215 722 333 769 atque
368 730 439 770 per
472 724 598 758 artem
632 718 854 758 efficiantur
887 725 927 758 et
964 719 1005 758 in
1041 717 1280 758 naturalibus
1314 733 1468 772 quoque
1501 719 1621 759 rebus

214 796 330 823 casus
358 790 554 824 cernatur.
608 784 772 826 Minime
796 800 890 826 vero
918 800 980 826 res
1007 799 1144 826 omnes
1174 798 1275 838 quae
1303 785 1522 826 efficiuntur
1549 800 1620 840 per

212 855 337 890 artem
364 851 484 891 etiam
511 865 603 891 casu
632 859 797 906 possunt
824 853 927 903 fieri,
966 853 1192 907 pariterque
1229 864 1360 891 rerum
1386 853 1618 892 naturalium

212 917 312 958 aliae
340 918 518 959 oriuntur
545 932 651 969 casu,
680 920 781 960 aliae
809 920 991 973 minus‘).
1011 953 1021 957 -
1047 919 1169 960 cuius
1206 919 1262 958 rei
1292 933 1448 959 causam
1476 920 1620 959 Aristo·

213 984 310 1025 teies
345 999 367 1025 e
399 986 562 1026 materia
595 987 739 1040 repetit
749 987 801 1040 ¹),
841 988 909 1029 ubi
950 988 1155 1027 materiam
1197 1001 1275 1027 non
1308 986 1498 1039 intellegit
1535 1001 1619 1026 eam

215 1065 318 1106 quae
344 1067 505 1106 prorsus
531 1053 735 1093 indefinita
762 1054 825 1104 sit,
855 1054 924 1094 sed
951 1055 1079 1109 potius
1108 1068 1193 1094 eam
1223 1069 1325 1107 quae
1353 1069 1441 1095 cum
1467 1054 1517 1093 ab
1543 1067 1621 1093 una

212 1125 326 1175 parte
353 1119 513 1160 definita
543 1121 609 1170 sit,
637 1121 759 1161 veluti
785 1121 935 1175 lapides
963 1128 1003 1161 et
1029 1122 1156 1175 ligna,
1185 1122 1233 1161 ab
1263 1122 1388 1161 altera
1416 1120 1622 1175 qualitates

211 1187 335 1240 possit
361 1189 549 1241 recipere.
595 1189 657 1227 Ea
684 1195 815 1228 autem
843 1196 910 1229 aut
927 1190 1014 1243 ipsa
1032 1205 1074 1229 se
1099 1203 1257 1229 movere
1287 1195 1416 1243 potest
1442 1195 1509 1227 aut
1536 1202 1622 1227 cau-

211 1267 296 1295 sam
322 1262 545 1295 moventem
575 1256 739 1309 requirit
765 1271 789 1296 a
816 1270 859 1296 se
887 1257 1094 1296 diversam.
1151 1256 1279 1305 Quam
1315 1271 1415 1310 quae
1443 1255 1619 1309 requirit,

210 1335 258 1361 ea
283 1322 379 1362 nihil
405 1337 566 1376 prorsus
594 1337 665 1376 per
692 1337 734 1362 se
762 1331 893 1376 potest
920 1324 1087 1364 efficere.
1129 1324 1269 1376 Neque
1288 1323 1382 1363 satis
1408 1329 1467 1362 est
1493 1322 1619 1374 ipsam

210 1403 252 1429 se
278 1403 437 1429 movere
465 1404 580 1443 posse
609 1390 823 1440 materiam,
852 1390 921 1431 sed
948 1404 1111 1430 necesse
1131 1398 1190 1430 est
1207 1398 1411 1430 moveatur
1437 1395 1545 1428 motu
1572 1402 1619 1428 eo

211 1456 279 1510 qui
311 1457 368 1496 rei
402 1457 633 1496 efficiendae
665 1457 716 1497 sit
746 1458 924 1498 idoneus.
980 1458 1049 1499 Sic
1089 1458 1238 1511 lapides
1277 1457 1353 1510 ipsi
1386 1471 1428 1496 se
1462 1469 1619 1496 movere

210 1529 384 1576 possunt,
413 1524 534 1563 veluti
562 1530 701 1578 sponte
730 1524 927 1575 decidunt,
961 1531 1091 1564 tamen
1119 1539 1197 1564 non
1225 1525 1291 1574 ita,
1320 1531 1363 1564 ut
1390 1524 1528 1564 domus
1556 1538 1620 1563 ex-

210 1589 334 1629 sistat.
390 1589 520 1638 Quam
555 1592 605 1630 ob
640 1604 722 1631 rem
757 1591 976 1631 aedificium
1011 1606 1107 1631 casu
1138 1592 1329 1631 exsistere
1363 1592 1514 1644 nequit,
1551 1590 1619 1629 sed

209 1669 364 1710 semper
398 1664 441 1697 ut
474 1658 667 1700 efficiatur
702 1672 800 1710 opus
838 1664 899 1697 est
932 1657 1070 1709 arte⁴).
1126 1657 1208 1698 Sed
1243 1659 1317 1697 hoc
1349 1671 1507 1712 quoque
1534 1657 1619 1697 fieri

207 1764 244 1798 τὸ
268 1764 337 1798 α’πό
360 1764 458 1808 τύχης
480 1781 510 1801 τι
534 1770 682 1809 ποιῆσαι.
714 1769 772 1800 καὶ
800 1766 856 1799 διὰ
885 1769 983 1799 τοῦτο
1011 1764 1085 1799 οὔτε
1113 1763 1251 1809 ἄψυχον
1274 1766 1376 1800 οὐδὲν
1400 1763 1474 1800 οὔτε
1496 1770 1617 1809 θηρίον

208 1815 282 1851 οὔτε
305 1819 445 1854 παιδίον
468 1820 574 1855 οὐδὲν
597 1824 690 1854 ποιεῖ
710 1819 777 1854 ἀπὸ
801 1818 911 1863 τύχης,
934 1818 983 1852 ὅτι
1007 1819 1069 1852 οὐκ
1092 1820 1159 1862 ἔχει
1182 1822 1389 1862 προαίρεσιν.

298 1873 322 1913 “)
344 1874 381 1907 L.
404 1876 427 1906 1.
454 1878 513 1906 19⁷
531 1875 552 1906 b
573 1878 626 1906 13:
650 1874 686 1907 τὸ
708 1874 741 1909 δ’,
767 1872 961 1918 αὐτόματον
983 1875 1042 1905 καὶ
1062 1876 1130 1908 τοῖς
1152 1869 1263 1908 ἄλλοις
1286 1871 1378 1915 ζῴοις
1401 1875 1458 1904 καὶ
1480 1874 1616 1908 πολλοῖς

205 1926 271 1960 τῶν
292 1923 449 1969 ἀψύχων,
475 1924 551 1962 οἷον
574 1926 592 1961 ὁ
617 1929 722 1965 ἵππος
744 1926 943 1972 αὐτόματος,
966 1929 1094 1970 φαμέν,
1122 1923 1239 1967 ἢλθεν,
1270 1925 1318 1959 ὅτι
1344 1925 1455 1966 ἐσώθη
1477 1926 1542 1969 μὲν
1564 1926 1617 1958 ἔλ-

207 1976 291 2018 θῶν,
316 1978 355 2011 οὐ
377 1982 436 2012 τοῦ
459 1983 612 2021 σωθῆναι
634 1982 673 2014 δὲ
696 1982 792 2015 ἕνεκα
809 1978 921 2020 ἧλθὲν.
944 1982 1002 2012 καὶ
1018 1979 1035 2012 ὁ
1051 1983 1189 2021 τρίπους
1212 1979 1402 2023 αὐτόματος
1423 1982 1616 2012 κατέπεσεν.

207 2032 283 2072 ἔστη
305 2032 370 2076 μὲν
391 2034 457 2077 γὰρ
480 2035 539 2066 τοῦ
562 2036 737 2076 καθῆσθαι
758 2034 870 2073 ἕνεκα,
900 2032 976 2064 ἀλλ’
1002 2032 1043 2064 οὐ
1071 2033 1129 2064 τοῦ
1153 2034 1329 2072 καθῆσθαι
1360 2033 1457 2065 ἕνεκα
1482 2033 1617 2064 κατέπε-

205 2095 275 2121 σεν.
298 2085 381 2121 ὥστε
410 2087 562 2131 φανερὸν
589 2086 640 2121 ὅτι
668 2087 705 2121 ἐν
733 2091 801 2123 τοῖς
828 2085 942 2123 ἁπλῶς
970 2084 1067 2120 ἕνεκά
1091 2097 1150 2118 του
1172 2087 1366 2129 γινομένοις
1387 2083 1469 2119 ὅταν
1489 2084 1536 2129 μὴ
1558 2086 1618 2118 τοῦ

205 2139 394 2181 συμβάντος
415 2142 512 2174 ἕνεκα
532 2144 669 2183 γένηται
691 2134 732 2173 οὗ
747 2141 810 2176 ἔξω
832 2140 868 2172 τὸ
892 2142 1013 2178 αἴτιον,
1036 2138 1109 2171 τότε
1132 2138 1201 2171 ἀπὸ
1225 2138 1437 2181 ταύτομάτου
1460 2141 1615 2181 λέγομεν·

205 2190 273 2225 ἀπὸ
296 2191 394 2236 τύχης
416 2195 473 2235 δέ,
502 2193 629 2228 τούτων
658 2193 723 2227 ὅσα
749 2191 817 2225 ἀπὸ
849 2190 1059 2236 ταύτομάτου
1082 2196 1209 2236 γίνεται
1230 2194 1297 2226 τῶν
1319 2193 1527 2236 προαιρετῶν
1549 2195 1617 2228 τοῖς

206 2247 321 2288 ἔχουσι
344 2251 551 2292 προαίρεσιν.

296 2302 319 2340 ¹)
341 2302 417 2333 Met.
441 2304 477 2343 Z,
502 2306 531 2335 9.
555 2304 621 2334 in.:
646 2299 837 2343 Ἀπορήσειε
866 2298 899 2330 ‹5‘
931 2296 974 2333 ἄν
1002 2311 1050 2336 τις
1078 2299 1134 2332 διὰ
1163 2302 1197 2332 τί
1220 2299 1260 2332 τὰ
1287 2300 1352 2343 μὲν
1381 2302 1532 2342 γίγνεται
1559 2300 1616 2330 καὶ

205 2355 302 2397 τέχνῃ
324 2355 383 2386 καὶ
404 2353 473 2389 ἀπὸ
496 2354 721 2400 ταύτομάτου,
745 2350 818 2386 οἷον
839 2350 960 2395 ὑγίεια,
983 2353 1023 2386 τὰ
1047 2353 1085 2386 δ’
1104 2349 1152 2393 οὗ,
1177 2350 1249 2387 οἷον
1266 2356 1365 2386 οἰκία.
1400 2356 1450 2386 Au
1473 2358 1553 2394 post.
1570 2354 1612 2392 ΙΙ,

208 2411 258 2438 11.
282 2410 322 2439 95
339 2418 358 2439 s
374 2411 408 2440 3:
432 2408 470 2442 ἐν
492 2409 531 2441 δὲ
553 2412 622 2445 τοῖς
644 2407 712 2441 ἀπὸ
737 2407 888 2442 διανοίας
908 2406 949 2439 τὰ
971 2407 1037 2450 μὲν
1060 2407 1223 2439 οὐδέποτε
1250 2405 1317 2438 ἀπὸ
1341 2408 1399 2438 τοῦ
1422 2403 1613 2448 αὐτομάτου

206 2457 366 2502 ὑπάρχει,
397 2457 471 2495 οἷον
500 2464 592 2494 οἰκία
613 2461 634 2502 ἦ
656 2459 811 2505 ἀνδριάς,
843 2458 921 2492 οὐδ’
948 2461 983 2496 ἐξ
1005 2459 1169 2502 ἀνάγκης,
1193 2458 1269 2491 ἀλλ’
1295 2458 1391 2492 ἕνεκά
1413 2470 1487 2498 του,
1510 2458 1551 2491 τὰ
1574 2459 1611 2490 δὲ

207 2515 263 2546 καὶ
285 2511 352 2546 ἀπὸ
376 2512 485 2555 τύχης,
509 2511 583 2548 οἷον
606 2513 716 2557 ὑγίεια
738 2514 795 2545 καὶ
817 2516 974 2555 σωτηρία.

296 2567 320 2607 ³)
342 2569 418 2600 Met.
441 2568 477 2606 Z,
502 2572 530 2599 9.
557 2571 640 2600 1034
655 2579 675 2600 a
693 2570 810 2608 losqq.

292 2622 318 2663 ⁴)
340 2623 377 2654 h.
401 2622 423 2656 l.
451 2623 532 2653 1034
547 2632 568 2653 a
586 2624 640 2654 14:
663 2619 772 2653 πολλὰ
794 2618 861 2663 γὰρ
883 2617 1025 2654 δύναται
1045 2619 1111 2664 μὲν
1134 2617 1195 2663 ὑφ’
1214 2617 1323 2652 αὐτῶν
1346 2621 1514 2652 κινεῖσθαι
1537 2617 1613 2651 ἀλλ’

207 2674 271 2718 οὐχ
291 2673 366 2716 ὁδί,
389 2672 463 2709 οἷον
484 2672 708 2717 ὀρχήσασθαι.
