1837 3017
734 165 1012 204 —119—

168 271 380 324 συμπλοκὴ
415 270 623 323 φαντασία
657 268 785 310 ἐστίν·
820 266 868 309 οὐ
909 269 985 321 γὰρ
1013 268 1062 321 δὴ
1092 266 1135 307 ἐκ
1161 270 1233 321 τῆς
1260 265 1383 320 δόξης
1407 269 1480 317 μὲν
1506 272 1576 322 τῆς

168 341 243 382 τοῦ
270 335 448 393 ἀγαθοῦ,
478 336 715 394 αἶσθήσεως
742 337 788 380 δὲ
809 338 881 390 τῆς
906 337 982 377 τοῦ
1008 336 1164 377 λευκοῦ.

271 407 512 461 Incipiamus
540 421 576 446 a.
604 422 643 447 v.
672 421 694 446 a
713 406 782 446 28:
811 403 913 458 λέγω
942 400 998 449 δ’,
1027 400 1064 443 εἰ
1089 405 1162 458 τῆς
1187 404 1261 443 τοῦ
1288 403 1434 443 λευκοῦ
1457 400 1577 457 δόξης

169 474 237 516 καὶ
264 472 501 528 αἰσθήσεως
527 471 552 528 ἡ
582 472 795 527 συμπλοκή
826 470 1033 526 φαντασία
1068 470 1176 513 ἐστίν
1209 472 1293 511 κτλ.
1343 471 1443 512 Cum
1472 472 1576 524 λέγω

169 541 218 582 δέ
248 542 415 582 formula
454 541 707 596 explicationi
733 540 940 590 inserviat,
978 538 1029 578 ad
1065 553 1184 593 quam
1218 537 1451 579 sententiam
1478 539 1578 580 haec

168 615 346 663 spectent
379 610 594 663 quaeritur.
649 609 834 650 Profecto
867 621 946 646 non
981 606 1032 646 ad
1060 620 1107 645 ea
1134 620 1237 659 quae
1264 607 1446 659 proxime
1472 613 1578 647 ante-

170 675 333 716 cedunt:
361 673 432 716 διά
458 691 503 716 τε
528 669 657 716 ταῦτα
685 675 753 715 καὶ
780 673 906 727 δῆλον
934 671 999 713 ὅτι
1027 670 1100 713 οὐκ
1127 668 1256 713 ἄλλου
1281 669 1393 721 τινός
1419 673 1528 714 ἐστιν
1551 671 1576 728 ἦ

169 741 283 791 δόξα,
313 740 408 784 ἀλλ’
429 742 584 784 ἐκείνου
610 743 717 784 ἐστὶν
744 735 796 783 οὗ
820 741 889 781 καὶ
907 738 1117 794 αἴσθησις,
1145 741 1214 780 sed
1242 741 1292 780 ad
1320 743 1577 782 sententiam:

169 810 348 863 φανερὸν
364 809 498 851 τοίνυν
521 809 586 851 ὅτι
605 807 704 852 οὐδὲ
724 807 826 858 δόξα
843 805 934 860 μετ’
956 805 1203 862 αἰσθήσεως,
1233 803 1332 849 οῦδὲ
1350 805 1410 849 δι’
1432 807 1577 864 αἰσθή·

169 893 283 924 σεως,
311 875 409 918 οὐδὲ
436 878 648 930 συμπλοκή
678 875 799 929 δόξης
825 875 893 916 καὶ
920 873 1157 929 αἰσθήσεως
1184 874 1391 927 φαντασία
1418 872 1469 916 ἷὶν
1496 875 1574 930 εἴη.

169 943 252 984 Cur
278 950 409 984 autem
436 945 533 986 haec
559 945 662 985 inter
688 958 732 984 se
759 944 936 984 seiuncta
963 942 1051 992 sint,
1080 957 1198 982 causa
1224 949 1389 996 apparet
1413 958 1575 996 prorsus

168 1011 287 1051 nulla.
351 1013 483 1065 Atque
523 1012 676 1051 accedit
718 1011 824 1050 aliud
868 1010 973 1063 quid.
1038 1010 1137 1050 Cum
1180 1010 1351 1050 dicatur:
1397 1010 1575 1065 φανερὸν

167 1076 303 1119 τοίνυν
337 1077 401 1119 ὅτι
436 1075 533 1119 οὐδὲ
567 1076 668 1127 δόξα
699 1075 788 1129 μετ’
823 1075 1076 1132 αἰσθήσεως,
1110 1073 1207 1117 οὐδὲ
1235 1077 1293 1117 δι’
1324 1075 1572 1132 αἰσθήσεως,

168 1142 266 1187 οῦδὲ
299 1144 510 1198 συμπλοκὴ
546 1142 667 1198 δόξης
700 1146 768 1186 καὶ
803 1143 1039 1198 αἰσθήσεως
1065 1142 1271 1198 φαντασία
1305 1141 1354 1184 ὄέν
1381 1143 1462 1199 εἴη,
1500 1144 1572 1187 διά

168 1228 211 1253 τε
237 1216 365 1253 ταῦτα
393 1212 462 1252 καὶ
490 1212 614 1263 δῆλον
641 1211 706 1252 ὅτι
733 1210 807 1254 οὐκ
835 1209 962 1252 ὄὲλλου
996 1209 1108 1259 τινός
1135 1211 1243 1252 ἐστιν
1270 1208 1294 1264 ἦ
1323 1210 1438 1260 δόξα,
1475 1210 1569 1253 ἀλλ’

167 1278 322 1321 ἐκείνου
349 1279 458 1320 ἐστὶν
487 1271 537 1318 οὗ
563 1279 632 1319 καὶ
659 1277 867 1332 αἴσθησις,
895 1279 986 1318 inde
1014 1279 1119 1331 quod
1146 1279 1354 1330 phantasia.
1380 1293 1466 1318 esse
1491 1295 1572 1320 non

165 1347 288 1401 possit
324 1345 456 1400 opinio
491 1360 580 1385 cum
615 1359 799 1386 sensuum
832 1345 1085 1400 perceptione
1113 1345 1321 1384 coniuncta
1347 1351 1415 1384 aut
1441 1346 1573 1399 opinio

166 1428 268 1466 quae
295 1427 367 1467 per
392 1426 578 1452 sensuum
612 1412 904 1464 perceptionem
939 1411 1116 1462 efficitur,
1150 1412 1347 1464 colligitur
1380 1413 1574 1464 opinionis

166 1487 206 1520 et
232 1478 497 1534 perceptionis
524 1477 722 1518 obiectum
749 1491 836 1518 esse
861 1477 977 1518 idem.
1020 1478 1137 1526 Quod
1163 1493 1325 1532 prorsus
1352 1485 1490 1518 contra
1515 1480 1572 1531 fit,

165 1553 284 1601 atque
316 1546 408 1586 inde
442 1544 547 1599 quod
583 1544 714 1599 opinio
742 1544 880 1585 eodem
909 1559 987 1598 quo
1014 1559 1198 1586 sensuum
1225 1545 1427 1599 perceptio
1454 1547 1577 1587 utitur

166 1614 319 1654 obiecto
361 1614 536 1666 (semper
569 1612 673 1652 enim
708 1611 840 1664 opinio
873 1611 1045 1665 pertinet
1077 1612 1127 1651 ad
1161 1627 1224 1652 res
1261 1626 1363 1665 quae
1397 1614 1577 1654 sensibus

164 1678 451 1733 percipiuntur)
485 1677 748 1731 consequitur,
790 1683 834 1717 ut
877 1678 1084 1732 phantasia
1115 1692 1201 1718 esse
1237 1685 1409 1731 nequeat
1442 1680 1573 1733 opinio

163 1762 253 1787 cum
290 1746 543 1800 perceptione
586 1746 806 1785 coniuncta.
859 1746 963 1785 Nam
993 1760 1081 1785 cum
1122 1745 1275 1785 obiecta
1311 1747 1389 1786 sint
1420 1749 1572 1799 eadem,

163 1819 369 1866 utramque
388 1812 583 1852 actionem
602 1811 636 1851 si
655 1811 938 1863 conciliaveris,
961 1811 1051 1852 novi
1067 1811 1281 1866 quidquam
1299 1827 1379 1853 non
1397 1814 1572 1866 exsistet,

164 1881 213 1919 cf.
240 1880 318 1919 428
337 1879 363 1918 b
386 1881 424 1918 1:
450 1879 498 1919 τὸ
523 1874 596 1919 οῦν
617 1877 848 1930 φαίνεσθαι
866 1876 983 1919 ἔσται
1000 1879 1075 1931 (sic
1094 1893 1183 1918 cum
1205 1879 1570 1933 Trendelenburgio

162 1944 414 1986 scribendum
449 1958 535 1985 esse
568 1945 768 2000 putamus)
803 1944 850 1987 τὸ
885 1942 1073 1997 δοξάζειν
1107 1943 1209 1999 ὅπερ
1243 1938 1489 1988 αἰσθάνεται
1512 1948 1568 2003 μή

163 2012 267 2053 κατὰ
294 2010 558 2065 συμβεβηκός.
612 2014 754 2065 Itaque
780 2014 903 2053 verba
923 2014 1146 2053 Aristotelis
1172 2013 1387 2065 redigenda
1411 2021 1502 2054 sunt
1527 2015 1568 2054 in

161 2079 267 2120 hunc
302 2079 500 2120 ordinem:
534 2075 606 2119 διά
639 2094 684 2120 τε
709 2081 837 2121 ταῦτα
863 2079 932 2120 καὶ
959 2079 1086 2134 δῆλον
1113 2077 1178 2120 ὅτι
1205 2076 1276 2121 οὐκ
1303 2074 1432 2121 &nov
1457 2079 1568 2129 τινός

161 2144 272 2187 ἐστιν
299 2143 322 2199 ἦ
353 2143 479 2194 δόξα,
513 2142 608 2186 ἀλλ’
638 2145 792 2187 ἐκείνου
827 2146 936 2187 ἐστὶν
973 2140 1024 2187 οὗ
1056 2146 1125 2186 καὶ
1152 2144 1362 2198 αἴσθησις.
1390 2148 1567 2200 φανερὰν

159 2211 295 2254 τοίνυν
323 2211 388 2253 ὅτι
415 2209 514 2253 οὐδὲ
550 2209 655 2261 δόξα
683 2210 777 2263 μετ’
807 2210 1063 2267 αἰσθήσεως,
1101 2209 1198 2253 οὐδὲ
1229 2210 1288 2253 δι’
1318 2211 1566 2269 αἰσθήσεως,

160 2278 260 2322 οῦδὲ
292 2279 502 2333 συμπλοκὴ
533 2277 654 2332 δόξης
679 2279 749 2320 καὶ
776 2277 1011 2333 αἰσθήσεως
1037 2278 1243 2331 φαντασία
1277 2277 1326 2320 ἃν
1353 2278 1427 2333 εἴη.
1461 2282 1567 2334 λέγω

160 2344 214 2396 δ’,
243 2345 280 2387 εἰ
305 2348 376 2399 τῆς
401 2347 474 2386 τοῦ
501 2347 646 2386 λευκοῦ
673 2343 794 2400 δόξης
814 2347 883 2387 καὶ
910 2344 1147 2399 αἰσθήσεως
1173 2344 1197 2400 ἡ
1226 2347 1440 2402 συμπλοκὴ
1469 2363 1568 2403 φαν-

157 2412 282 2455 τασία
314 2411 439 2454 ἐστίν·
478 2410 526 2454 οὐ
558 2413 633 2467 γὰρ
669 2413 718 2466 δή
752 2413 795 2454 ἐκ
824 2415 896 2467 τῆς
928 2411 1052 2466 δόξης
1080 2415 1156 2464 μὲν
1180 2417 1252 2468 τῆς
1285 2417 1361 2456 τοῦ
1388 2412 1565 2468 ἀγαθοῦ,

157 2476 394 2534 αἰσθήσεως
428 2479 475 2520 δὲ
509 2482 582 2533 τῆς
613 2483 687 2522 τοῦ
722 2482 886 2522 λευκοῦ·
920 2479 967 2521 τὸ
1002 2475 1074 2521 οὖν
1105 2480 1338 2535 φαίνεσθαι
1370 2480 1485 2525 ἔσται
1517 2484 1566 2526 τὸ

157 2545 345 2598 δοξάζειν
372 2545 476 2602 ὅπερ
504 2546 752 2590 αἰσθάνεται
778 2548 834 2603 μὴ
864 2548 967 2589 κατὰ
994 2546 1259 2602 συμβεβηκός.
