1837 3017
834 196 1087 236 -66-

256 300 457 352 stantiam,
500 306 641 341 actum.
695 300 814 342 Hunc
858 306 987 341 autem
1028 301 1067 341 in
1110 301 1267 342 modum
1310 309 1443 343 movet
1478 303 1518 344 id
1560 301 1664 358 quod

257 369 467 422 appetibile
502 375 540 407 et
573 368 678 421 quod
713 369 922 421 cogitabile
963 369 1046 408 sive
1083 369 1337 421 intellegibile
1378 377 1456 422 est3
1500 386 1663 425 quorum

257 435 383 488 prima
417 441 507 474 sunt
535 435 690 484 eadem,
730 440 796 485 A,
826 437 862 474 7.
898 435 1038 474 1072a
1060 436 1127 474 27:
1163 432 1317 476 τούτων
1347 436 1399 477 τὰ
1435 439 1578 491 πρῶτα
1613 436 1664 478 τὰ

257 499 371 550 αὐτά,
398 502 435 541 h.
457 516 490 542 e.
517 501 565 543 τὸ
593 504 757 556 πρῶτον
786 499 948 557 ὀρεκτὸν
974 502 1043 544 καὶ
1059 501 1107 544 τὸ
1127 505 1289 556 πρῶτον
1315 503 1460 556 νοητὸν
1484 504 1532 546 τὸ
1562 501 1663 546 αὐτό

254 567 375 617 ἐστιν,
409 584 498 609 nos:
543 570 624 619 „sie
658 571 775 610 fallen
816 571 1076 610 zusammen.“
1133 570 1337 624 Cupiditas
1373 572 1477 612 enim
1513 572 1663 626 appetit

253 637 293 676 id
328 637 431 690 quod
468 637 675 690 pulchrum
710 651 795 677 esse
829 637 994 687 videtur,
1036 644 1170 678 contra
1203 638 1400 687 voluntas,
1443 639 1546 691 quod
1581 639 1664 692 pul-

254 704 391 744 chrum
420 711 490 744 est.
547 704 781 758 Appetimus
815 710 943 743 autem
981 705 1109 757 potius
1138 711 1347 758 propterea
1375 705 1480 758 quod
1508 705 1663 745 videtur

254 771 404 825 aliquid
432 772 638 825 pulchrum
669 785 764 820 esse,
794 785 909 824 quam
939 772 1143 824 pulchrum
1163 771 1258 811 illud
1278 771 1434 811 videtur
1452 778 1662 825 propterea

254 839 359 893 quod
386 838 617 893 appetimus.
672 838 774 877 Nam
803 837 1036 891 principium
1062 844 1121 878 est
1148 838 1346 892 cogitatio.
1401 838 1529 890 (Nihil
1557 839 1660 879 enim

253 913 443 960 appetere
470 920 697 959 possumus,
727 905 800 944 nisi
831 906 933 958 quod
963 912 1079 945 antea
1106 905 1390 959 cogitavimus).
1434 905 1662 946 Intellectus

253 980 383 1014 autem
411 974 603 1014 excitatur
631 986 676 1012 eo
705 973 810 1026 quod
838 973 1093 1026 intellegibile
1121 979 1198 1025 est3
1234 972 1498 1025 intellegibilis
1527 978 1656 1013 autem

250 1055 321 1095 per
348 1055 390 1080 se
418 1048 477 1080 est
503 1040 626 1079 altera
661 1041 798 1090 series,
832 1041 928 1094 (qua
962 1042 1209 1081 continentur
1247 1055 1293 1080 ea
1322 1055 1424 1094 quae
1461 1054 1532 1094 per
1559 1040 1659 1080 affir-

251 1108 461 1147 mationem
496 1107 769 1160 definiuntur),
805 1115 922 1161 atque
956 1108 1071 1148 huius
1105 1109 1231 1161 prima
1263 1108 1498 1157 substantia,
1541 1113 1659 1160 atque

250 1175 363 1214 huius
392 1188 438 1214 ea
466 1189 567 1228 quae
595 1176 762 1229 simplex
792 1182 850 1215 est
878 1182 917 1216 et
943 1189 1098 1229 semper
1123 1175 1163 1214 in
1191 1181 1281 1215 actu
1309 1180 1500 1215 versatur.
1545 1174 1658 1214 Haec

249 1242 468 1282 substantia
488 1249 548 1282 est
575 1243 741 1296 primum
769 1243 1036 1296 intellegibile.
1075 1242 1155 1283 Sed
1183 1243 1300 1283 etiam
1329 1243 1472 1283 bonum
1493 1248 1533 1282 et
1552 1241 1655 1295 quod

248 1325 319 1364 per
346 1324 388 1349 se
416 1310 628 1364 appetibile
657 1316 717 1350 est
743 1311 878 1350 eadem
916 1294 1037 1350 serie.
1057 1311 1289 1360 continetur,
1326 1316 1444 1364 atque
1479 1310 1519 1350 id
1552 1309 1656 1363 quod

248 1378 415 1431 primum
444 1383 503 1417 est
529 1377 632 1417 idem
661 1392 816 1431 semper
845 1379 1035 1431 optimum
1064 1384 1124 1417 est
1151 1384 1218 1418 aut
1244 1378 1284 1417 id
1313 1377 1417 1431 quod
1437 1378 1471 1417 ei
1500 1391 1657 1430 respon-

248 1445 351 1485 deat.
398 1446 539 1498 Itaque
569 1446 759 1498 optimum
788 1452 847 1485 est
873 1445 1092 1485 substantia
1120 1445 1287 1498 simplex
1315 1451 1355 1484 et
1382 1458 1537 1498 semper
1564 1450 1656 1484 actu

248 1513 484 1563 consistens3
513 1527 682 1566 cumque
711 1512 901 1566 optimum
929 1513 1001 1562 sit,
1030 1512 1146 1551 etiam
1175 1512 1387 1566 appetibile
1414 1526 1486 1566 per
1513 1527 1554 1552 se
1583 1518 1652 1552 est.

250 1580 481 1621 Substantia
507 1579 626 1631 igitur
652 1580 719 1618 illa
747 1586 806 1619 est
842 1582 1008 1632 primum
1042 1579 1299 1633 intellegibile
1327 1586 1366 1619 et
1392 1580 1560 1632 primum
1590 1593 1655 1633 ap-

247 1646 428 1700 petibile,
464 1652 583 1700 atque
611 1647 661 1686 ob
689 1660 777 1686 eam
806 1660 963 1686 causam
990 1647 1078 1686 finis
1106 1661 1293 1686 summus.
1348 1646 1505 1686 Etenim
1534 1646 1651 1686 finem

244 1715 283 1754 in
312 1714 575 1755 immobilibus
604 1728 690 1755 esse
718 1713 969 1767 intellegitur,
1005 1715 1071 1754 ubi
1103 1714 1191 1754 finis
1224 1713 1424 1754 notionem
1453 1713 1655 1768 distingui-

243 1796 328 1821 mus
356 1789 474 1835 atque
502 1782 540 1821 in
570 1795 715 1834 genera
742 1796 813 1821 sua
841 1782 1060 1822 dividimus.
1115 1782 1277 1835 Duplex
1312 1781 1417 1821 enim
1444 1786 1506 1820 est
1528 1780 1575 1822 τὸ
1603 1775 1654 1822 οὗ

243 1848 377 1898 ἕνεκα,
412 1864 576 1902 quorum
613 1850 777 1888 alterum
814 1856 872 1888 est
901 1848 948 1889 τὰ
976 1841 1043 1899 οὗ,
1079 1850 1245 1889 alterum
1272 1848 1320 1889 τὸ
1348 1841 1393 1901 ᾦ.
1449 1848 1502 1888 Et
1526 1848 1573 1891 τὸ
1603 1843 1653 1891 οὗ

244 1918 414 1971 quidem,
445 1931 533 1957 cum
561 1916 689 1970 ipsum
717 1918 766 1955 sit
792 1916 1003 1967 immobile,
1032 1916 1240 1970 quominus
1265 1917 1305 1956 in
1332 1916 1558 1957 substantiis
1586 1917 1652 1957 iin-

242 1985 449 2024 mobilibus
475 1984 693 2036 reperiatur
720 1984 814 2023 nihil
842 1984 1023 2037 impedit,
1059 1990 1195 2024 eontra
1221 1983 1269 2025 τὸ
1297 1976 1347 2037 ᾦ,
1382 1990 1517 2037 utpote
1546 1986 1650 2038 quod

242 2066 313 2106 per
348 2051 603 2092 mutationem
640 2051 699 2091 sui
732 2052 854 2105 ipsius
889 2051 939 2091 ad
973 2051 1068 2092 illud
1096 2052 1276 2102 accedat,
1312 2054 1353 2092 in
1387 2052 1648 2093 immobilibus

242 2133 328 2159 esse
356 2119 493 2173 nequit
508 2118 548 2170 ¹).

346 2188 427 2229 Sed
456 2187 518 2227 hic
548 2187 745 2241 paulisper
773 2187 1062 2228 subsistendum
1095 2194 1166 2227 est.
1211 2186 1387 2227 Primum
1416 2188 1648 2228 Aristoteles

241 2256 508 2296 demonstrare
535 2255 685 2305 studet,
714 2256 877 2308 primam
905 2255 1160 2296 substantiam
1193 2269 1278 2296 esse
1307 2269 1465 2297 causam
1492 2269 1646 2297 moven-

239 2329 338 2374 tem,
367 2323 528 2373 deinde,
570 2323 735 2361 eandem
762 2336 846 2362 esse
873 2323 991 2363 finem
1020 2337 1233 2372 summum,
1264 2337 1381 2376 quam
1410 2324 1459 2363 ob
1488 2337 1645 2363 causam

239 2397 444 2444 postquam
473 2390 641 2442 primam
669 2389 925 2430 substantiam
954 2404 1113 2430 movere
1132 2405 1220 2430 cum
1239 2390 1325 2444 ipsa
1343 2391 1420 2431 non
1442 2395 1646 2431 moveatur

326 2563 349 2602 ²)
372 2565 420 2602 A,
445 2567 473 2594 7.
501 2566 579 2594 1072
597 2564 617 2594 b
635 2567 669 2594 2:
693 2563 762 2595 ἔστι
777 2562 842 2606 γάρ
858 2574 922 2596 τινι
937 2562 974 2595 τὸ
998 2556 1037 2594 οὗ
1060 2562 1169 2601 ἕνεκα,
1193 2555 1240 2595 ὧν
1255 2562 1291 2595 τὸ
1306 2564 1372 2606 μὲν
1388 2563 1458 2595 ἔστι
1475 2561 1511 2594 τὸ
1529 2559 1563 2593 δ’
1582 2561 1643 2595 οὐκ

237 2615 323 2656 ἔστι,
352 2618 391 2648 cf.
416 2618 541 2649 Bonitz.
564 2619 640 2649 Met.
665 2622 829 2650 comment.
859 2628 889 2658 p.
909 2619 982 2655 499,
1012 2618 1164 2657 Bernays.
1200 2616 1262 2648 Die
1291 2616 1430 2658 Dialoge
1459 2616 1487 2649 d.
1510 2617 1642 2649 Aristot.

237 2679 268 2710 p.
288 2672 356 2700 169,
