1837 3017
807 171 1062 211 -62—

222 276 404 329 profecta
430 276 588 316 efficere
607 282 739 329 potest
758 277 964 326 contraria,
994 290 1084 316 cum
1103 289 1152 316 oa
1170 277 1479 330 comprehendat
1505 292 1583 319 uno
1598 277 1640 330 ¹).

224 342 315 391 Quo
343 344 408 394 fit,
444 351 487 384 ut
520 350 678 384 utamur
710 344 837 385 libero
874 344 1049 385 arbitrio.
1105 343 1246 398 Itaque
1274 345 1408 385 facere
1435 359 1640 399 possumus

224 417 264 451 et
300 426 403 465 quae
437 413 540 451 bona.
573 419 665 452 sunt
699 419 740 453 et
773 426 874 466 quae
917 411 1072 463 mala’)‚
1127 411 1277 467 Vefum
1318 426 1407 452 eum
1440 413 1556 454 homo
1593 427 1641 453 ea

224 492 327 532 quae
352 479 551 518 contraria
585 486 677 519 sunt
703 494 783 520 una
809 479 966 519 efficere
1000 492 1078 519 non
1115 478 1262 533 possit,
1296 486 1427 519 utrum
1464 480 1641 522 facturus

224 547 293 595 sit,
337 546 484 599 pendet
519 561 570 586 ex
608 547 684 587 alio
720 563 810 601 quo.
865 547 1016 600 Aptum
1053 552 1185 587 autem
1220 552 1281 586 est
1317 561 1368 586 ex
1402 547 1581 600 appetitu
1593 549 1639 600 ³).

226 613 394 667 Semper
431 613 558 664 enim,
597 621 639 654 ut
667 614 762 669 quid
798 628 980 667 agamuS,
1014 627 1114 668 opus
1150 619 1209 654 est
1236 614 1426 668 appetitu.
1481 614 1522 655 Is
1549 629 1644 656 vero

225 687 293 721 aut
320 695 363 722 se
392 682 536 722 subicit
562 682 705 723 rationi
740 683 854 736 eique
892 681 1160 735 obtemperat,
1201 688 1270 722 aut
1295 689 1457 736 superat
1484 697 1571 725 eam
1598 698 1645 724 ac

224 750 402 803 sequitur
439 749 564 802 sua⁴).
618 749 758 790 Potest
792 750 952 803 quidem
987 749 1086 788 haec
1123 749 1280 790 animae
1313 764 1406 803 pars
1439 764 1462 790 a
1493 750 1646 792 ratione

224 818 423 870 superari,
458 818 527 857 sed
564 831 682 870 saepe
716 817 822 856 illam
858 817 992 856 vincit.
1046 816 1188 869 Itaque
1222 816 1272 856 ad
1309 818 1497 858 moralem
1526 818 1646 858 homi-

225 899 317 924 num
356 885 477 924 vitam
514 884 619 937 quod
658 884 817 934 attinet,
854 883 1022 936 privatio
1057 883 1227 923 efficitur
1261 884 1430 936 primum
1464 898 1511 925 eo
1539 886 1645 939 quod

225 952 413 992 facultate
440 951 585 992 utimur
613 950 813 1005 cogitandi
842 951 1058 1003 contraria3
1085 951 1160 991 hac
1179 951 1282 991 enim
1308 951 1446 992 nititur
1472 952 1642 994 liberum

227 1021 454 1072 arbitrium3
491 1019 662 1060 maxime
699 1034 793 1059 vero
826 1033 946 1060 causa
979 1019 1210 1073 privationis
1237 1021 1436 1073 appetitus
1464 1027 1541 1071 est,
1577 1022 1649 1075 qui

225 1104 343 1143 saepe
377 1094 470 1141 agat
503 1094 641 1127 contra
681 1087 885 1127 rationem.
941 1088 996 1127 At
1036 1088 1111 1128 hoc
1145 1087 1273 1141 ipsum
1319 1088 1531 1142 quaeritur,
1575 1103 1646 1129 cur

314 1205 336 1244 ¹)
360 1206 435 1236 Met.
463 1205 501 1242 Θ,
527 1207 556 1236 2.
585 1206 664 1234 1046
681 1203 702 1233 b
720 1205 756 1234 8:
781 1200 798 1234 ὁ
824 1202 862 1235 δὲ
885 1201 985 1244 λόγος
1007 1200 1025 1234 ὁ
1050 1202 1151 1239 αὐτὸς
1173 1203 1273 1244 δηλοῖ
1285 1202 1321 1236 τὸ
1339 1204 1483 1247 πρᾶγμα
1506 1205 1565 1236 καὶ
1586 1202 1645 1244 τὴν

224 1261 390 1300 στέρησιν,
414 1255 500 1296 πλὴν
524 1254 589 1297 οὐχ
611 1253 781 1296 ὡσαύτως,
805 1257 862 1286 καὶ
885 1256 976 1288 ἔστιν
999 1254 1042 1292 ὠς
1064 1254 1209 1299 ἀμφοῖν,
1234 1256 1303 1289 ἔστι
1327 1256 1363 1288 δ’
1389 1255 1434 1292 ὥς
1454 1257 1515 1289 τοῦ
1536 1254 1647 1298 ὑπάρ-

220 1321 344 1353 χοντος
373 1310 514 1353 μᾶλλον.
545 1306 629 1340 ὥστ’
654 1306 786 1350 ἀνάγκη
814 1310 871 1339 καὶ
897 1307 956 1343 τὰς
982 1306 1137 1344 τοιαύτας
1168 1307 1354 1352 ἐπιστήμας
1383 1309 1468 1343 εἶναι
1490 1309 1556 1353 μὲν
1579 1310 1646 1343 τῶν

224 1364 398 1403 ἐναντίων,
430 1361 516 1399 εἶναι
544 1362 583 1393 δὲ
613 1363 672 1394 τοῦ
697 1361 763 1405 μὲν
796 1360 881 1392 καθ’
906 1359 1008 1398 αὑτὰς
1035 1363 1095 1394 τοῦ
1125 1362 1164 1395 δὲ
1185 1362 1233 1406 μὴ
1256 1362 1340 1396 καθ’
1365 1360 1477 1399 αὑτάς·
1499 1362 1646 1407 καὶγὰρ

224 1416 241 1449 ὁ
267 1415 367 1460 λόγος
388 1418 448 1448 τοῦ
468 1416 533 1459 μὲν
556 1415 639 1448 καθ’
666 1413 761 1455 αὑτό,
791 1415 850 1446 τοῦ
873 1414 912 1446 δὲ
935 1413 1063 1458 τρόπον
1092 1416 1167 1449 τινὰ
1196 1415 1280 1449 κατὰ
1309 1413 1528 1459 συμβεβηκός·
1556 1414 1646 1448 ἀπο-

225 1469 328 1513 φάσει
354 1468 421 1513 γάρ
450 1471 507 1501 καὶ
536 1467 702 1512 ἀποφορᾷ
733 1467 832 1508 δηλοῖ
856 1467 892 1500 τὸ
922 1468 1088 1502 ἐναντίον.
1117 1467 1136 1509 ἡ
1159 1467 1225 1511 γὰρ
1256 1471 1408 1512 στέρησις
1429 1467 1449 1510 ἦ
1472 1465 1585 1512 πρώτη
1607 1469 1644 1501 τό

226 1524 391 1562 ἐναντίον,
421 1520 503 1564 αὕτη
534 1521 567 1554 ‹5'
593 1520 759 1564 ἀποφορὰ
787 1523 944 1565 θατέρου·
980 1522 1054 1554 ἐπεὶ
1088 1522 1126 1555 δὲ
1148 1522 1188 1556 τὰ
1213 1523 1348 1556 ἐναντία
1371 1521 1434 1555 οὐκ
1456 1522 1647 1565 ἐγγίγνεται

227 1580 263 1611 ἓν
285 1579 331 1619 τῷ
355 1577 457 1618 αὐτῷ,
480 1576 499 1617 ἡ
523 1575 558 1608 δ’
584 1573 749 1617 ἐπιστήμη
773 1574 917 1617 δύναμις
938 1576 984 1616 τῷ
1006 1574 1110 1617 λόγον
1133 1576 1234 1618 ἔχειν,
1257 1577 1314 1608 καὶ
1336 1574 1465 1618 ἡψυχὴ
1488 1574 1647 1617 κινήσεως

226 1633 294 1674 ἔχει
317 1629 438 1673 ἀρχήν,
462 1629 497 1662 τὸ
520 1629 586 1671 μὲν
610 1627 757 1670 ὑγιεινὸν
781 1626 910 1669 ὑγίειαν
932 1626 1043 1671 μόνον
1064 1633 1158 1661 ποιεῖ
1177 1631 1234 1661 καὶ
1256 1629 1293 1662 τό
1317 1628 1545 1672 θερμαντικὸν
1566 1633 1647 1672 θερ-

223 1684 351 1729 μότητα
380 1686 437 1716 καὶ
464 1682 500 1715 τὸ
532 1680 700 1724 ψυκτικὸν
723 1679 942 1725 ψυχρότητα,
975 1680 991 1713 ὁ
1018 1682 1040 1713 δ
1047 1681 1055 1692 ”
1081 1681 1275 1726 ἐπιστήμων
1304 1679 1419 1726 ἄμφω.
1449 1681 1548 1725 λόγος
1577 1682 1645 1725 γάρ

224 1740 315 1771 ἔστιν
342 1737 477 1781 ἀμφοῖν
503 1738 579 1778 μέν,
607 1733 670 1776 οὐχ
693 1733 821 1777 ὁμοίως
843 1734 899 1775 δέ,
934 1736 991 1766 καὶ
1013 1735 1051 1768 ἐν
1074 1736 1168 1779 ψυχῇ
1197 1733 1217 1775 ἢ
1245 1736 1311 1777 ἔχει
1342 1734 1501 1776 κινήσεως
1528 1734 1646 1777 ἀρχήν·

224 1790 308 1824 ὥστε
331 1789 437 1834 ι’ίμφω
461 1788 530 1821 ἀπὸ
555 1790 609 1828 τῆς
632 1786 731 1828 αὐτῆς
754 1786 857 1829 ἀρχῆς
881 1786 1008 1828 κινήσει
1032 1787 1117 1831 πρὸς
1139 1788 1176 1821 τὸ
1200 1788 1281 1821 αὐτὸ
1308 1787 1505 1830 συνάψασα.

315 1847 337 1885 ')
360 1846 433 1876 Eth.
457 1845 528 1875 Nic.
554 1844 611 1880 ΙΙΙ,
637 1845 666 1873 7.
693 1842 812 1873 1113b
830 1845 863 1872 6:
900 1839 959 1883 ἐφ’
993 1840 1072 1884 ἡμῖν
1106 1842 1145 1874 δὲ
1176 1844 1234 1875 καὶ
1263 1840 1283 1883 ἡ
1307 1841 1422 1885 ἀρετή,
1450 1840 1577 1885 ὁμοίως
1607 1842 1646 1875 δὲ

224 1900 282 1931 καὶ
306 1896 325 1938 ἡ
349 1899 463 1930 κακία.

314 1951 338 1991 ³)
361 1953 439 1983 Met.
474 1950 517 1988 Θ,
548 1954 576 1982 5.
609 1951 691 1980 1048
717 1959 735 1980 a
758 1950 792 1980 8:
831 1940 927 1980 αὗται
959 1948 1025 1991 μὲν
1055 1946 1120 1990 γὰρ
1152 1947 1260 1980 πᾶσαι
1288 1949 1352 1990 μία
1381 1946 1456 1984 ἑνὸς
1483 1948 1646 1990 ποιητική,

160 2011 164 2014 ’
225 2005 351 2036 ἐκεῖναι
374 2003 413 2034 δὲ
435 2004 502 2034 τῶν
524 2002 698 2038 ἐναντίων,
722 1999 806 2032 ὥστε
829 1999 902 2042 ἅμα
925 1999 1056 2040 ποιήσει
1080 1999 1253 2033 τάναντία·
1281 2001 1377 2033 τοῦτο
1400 2001 1441 2033 δὲ
1463 1999 1645 2035 ἀδύνατον.

225 2056 357 2100 ἀνάγκη
381 2051 448 2100 ἄρα
470 2052 584 2098 ἕτερόν
605 2066 634 2087 τι
659 2053 744 2087 εἶναι
768 2052 803 2086 τὸ
827 2051 955 2095 κύριον·
986 2055 1072 2096 λέγω
1103 2053 1141 2086 δὲ
1171 2054 1268 2087 τοῦτο
1300 2050 1410 2097 ὄρεξιν
1441 2050 1460 2096 ἢ
1484 2058 1648 2099 προαίρε-

225 2123 290 2145 σιν.
319 2109 487 2152 ὁποτέρου
517 2108 584 2152 γὰρ
613 2106 656 2142 ἂν
685 2107 840 2150 ὀρέγηται
871 2110 1010 2150 κυρίως,
1041 2108 1140 2140 τοῦτο
1164 2106 1313 2149 ποιήσει,
1336 2106 1419 2142 ὅταν
1440 2107 1484 2145 ὥς
1506 2107 1648 2143 δύναται

226 2164 362 2208 ὑπάρχῃ
386 2166 444 2196 καὶ
468 2160 632 2206 πλησιάζῃ
656 2163 702 2203 τῷ
725 2163 910 2203 παθητικῷ.

313 2220 338 2259 ⁴)
363 2220 411 2250 De
433 2220 531 2250 anim.
557 2218 616 2255 111,
645 2220 691 2248 10.
718 2219 780 2249 433
797 2228 816 2248 a.
832 2220 886 2249 22:
917 2217 979 2249 νῦν
1002 2216 1041 2249 δὲ
1064 2214 1082 2248 ὁ
1106 2216 1173 2260 μὲν
1195 2216 1275 2252 νοῦς
1298 2214 1339 2248 οὐ
1365 2219 1522 2259 φαίνεται
1545 2218 1648 2250 κινῶν

224 2271 304 2307 ἄνευ
328 2272 477 2316 ὀρέξεως·
501 2270 520 2312 ἡ
543 2270 610 2314 γὰρ
632 2268 790 2311 βούλησις
811 2265 926 2313 ὄρεξις·
959 2267 1042 2303 ὅταν
1071 2270 1110 2302 δὲ
1133 2269 1217 2303 κατὰ
1240 2269 1300 2304 τὸν
1328 2270 1496 2314 λογισμὸν
1518 2272 1648 2312 κινῆται

224 2329 282 2359 καὶ
305 2325 390 2358 κατὰ
413 2324 574 2366 βούλησιν
596 2327 747 2357 κινεῖται.
778 2321 797 2363 ἡ
821 2322 858 2355 δ’
883 2319 988 2367 ὄρεξις
1018 2327 1107 2357 κινεῖ
1134 2323 1226 2365 παρὰ
1255 2322 1314 2356 τὸν
1337 2322 1514 2368 λογισμόν*
1538 2322 1558 2365 ἡ
1580 2323 1647 2368 γὰρ

226 2383 392 2425 ἐπιθυμία
416 2375 523 2423 ὄρεξίς
545 2390 592 2415 τις
614 2378 715 2412 ἐστίν.
739 2378 819 2414 νοῦς
840 2377 904 2421 μὲν
927 2374 987 2410 οὖν
1007 2379 1074 2414 πᾶς
1088 2375 1203 2420 ὀρθός·
1226 2372 1332 2421 ὄρεξις
1348 2377 1387 2411 δὲ
1402 2379 1459 2411 καὶ
1475 2381 1647 2422 φαντασία

226 2438 283 2468 καὶ
305 2433 392 2477 ὀρθὴ
415 2435 473 2466 καὶ
496 2431 559 2465 οὐκ
582 2431 680 2476 ὀρθή.
715 2433 790 2464 Eth.
814 2434 883 2464 Nlo.
906 2434 932 2471 1,
960 2436 1010 2465 13.
1036 2435 1117 2464 1102
1134 2432 1155 2463 b
1176 2435 1232 2462 16:
1256 2434 1413 2473 φαίνεται
1428 2432 1464 2464 δ’
1482 2433 1519 2466 ἐν
1534 2430 1650 2466 αὐτοῖς

227 2491 282 2521 καὶ
312 2485 394 2520 ι’ίλλο
423 2499 455 2519 τι
483 2485 574 2529 παρὰ
606 2486 665 2519 τὸν
697 2484 801 2527 λόγον
832 2482 1000 2527 πεφυκός,
1031 2482 1051 2518 δ
1078 2483 1227 2528 μάχεταί
1252 2495 1284 2517 τε
1315 2488 1373 2518 καὶ
1401 2485 1573 2519 ἀντιτείνει
1603 2485 1649 2526 τῷ

228 2541 326 2585 λόγῳ.
357 2539 504 2584 ἀτεχνῶς
531 2539 598 2584 γὰρ
621 2538 779 2584 καθάπερ
802 2540 841 2573 τὰ
865 2541 1126 2583 παραλελυμένα
1148 2540 1209 2571 τοῦ
1232 2537 1387 2583 σώματος
1409 2539 1516 2584 μόρια
1539 2542 1585 2575 εἰς
1608 2538 1647 2571 τὰ

229 2596 320 2631 δεξιὰ
352 2597 635 2638 προαιρουμένων
664 2595 803 2635 κινῆσαι
838 2592 1037 2628 τούναντίον
1066 2595 1112 2629 εἰς
1138 2591 1179 2624 τὰ
1207 2589 1366 2637 ἀριστερὰ
1402 2596 1646 2637 παραφέρεται,

228 2651 285 2682 καὶ
309 2649 361 2681 ἐπὶ
386 2651 440 2690 τῆς
463 2651 571 2692 ψυχῆς
595 2647 708 2686 οὕτως’
732 2647 787 2680 ἐπὶ
813 2646 973 2682 τάναντία
996 2646 1063 2690 γὰρ
1088 2647 1124 2678 αἴ
1146 2644 1250 2689 ὁρμαὶ
1274 2649 1340 2681 τῶν
1362 2645 1529 2691 ἀκρατῶν.
