1837 3017
840 170 1092 209 -44—

249 272 490 315 instituenda
519 279 604 315 erat
631 288 690 324 ea,
721 281 763 316 ut
792 289 926 316 omnes
955 275 1056 316 inter
1083 287 1126 315 se
1154 275 1411 317 concinerent
1430 277 1527 317 etin
1547 290 1667 318 unum

250 342 365 395 quasi
393 357 535 396 corpus
563 348 726 396 possent
754 344 990 384 coalescere.

355 410 571 463 Hucusque
599 410 772 451 maxime
800 411 849 451 de
878 424 997 450 causa
1024 410 1133 450 finali
1153 410 1439 464 disputavimus
1459 417 1579 466 atque
1607 412 1667 452 de·

250 478 560 517 monstravimus·
586 492 708 532 supra
731 493 820 518 cum
849 492 894 517 ea
923 478 1204 518 consociandas
1231 492 1317 518 esse
1347 493 1504 519 causam
1532 479 1671 519 forma·

249 546 328 585 lem
357 552 396 585 et
424 546 681 598 efficientem3
710 561 808 600 opus
827 552 958 586 autem
978 560 1065 586 esse
1092 547 1171 598 fini,
1200 552 1244 587 ut
1262 561 1305 587 re
1325 546 1449 600 possit
1467 546 1669 597 exsistere,

251 612 427 652 materia.
472 612 540 654 Sic
564 613 641 653 iam
665 613 866 666 attigimus
890 613 1136 653 necessitatis
1160 614 1371 664 notionem,
1401 628 1503 668 quae
1526 615 1669 655 summi

249 680 289 719 in
319 680 501 720 doctrina
527 681 762 721 Aristotelea
798 687 857 720 est
884 682 1086 721 momenti.
1143 682 1279 723 Utitur
1306 688 1436 724 autem
1463 683 1671 723 necessita-

249 746 297 786 tis
334 760 413 787 vox
450 754 637 801 quattuor
672 747 845 788 maxime
878 747 982 800 apud
1017 749 1270 789 Aristotelem
1307 748 1669 802 significationibus,

250 828 347 866 quas
378 815 633 867 philosophus
669 815 753 867 ipse
788 816 891 855 inter
918 830 960 854 se
991 816 1196 870 distinguit
1222 816 1316 856 Met.
1345 819 1396 866 A,
1425 816 1461 866 5,
1497 816 1565 856 ubi
1597 816 1669 869 pri-

250 895 358 921 mum
397 881 553 934 quidem
591 881 817 921 necessaria
857 888 992 922 monet
1031 883 1109 923 dici
1146 899 1192 923 ea
1238 884 1321 923 sine
1357 883 1497 937 quibus
1535 883 1669 923 vivere

249 948 313 988 vel
341 949 459 988 finem
489 948 730 1002 propositum
766 949 923 1002 assequi
950 964 1215 1004 nequeamus,
1251 950 1372 991 veluti
1405 950 1601 1005 respirare
1630 956 1670 990 et

252 1015 339 1056 cibo
370 1016 424 1056 uti
453 1016 719 1057 necessarium
748 1017 798 1057 sit
827 1011 1060 1058 animalibus
1098 1024 1216 1072 atque
1252 1032 1413 1059 necesse
1442 1018 1491 1058 sit
1517 1017 1670 1072 profici-

249 1084 370 1122 scaris
412 1084 627 1136 Aeginam,
670 1090 713 1123 ut
754 1085 962 1137 pecuniam
1005 1099 1107 1139 quae
1140 1086 1211 1125 tibi
1252 1086 1442 1126 debeatur
1483 1086 1667 1139 accipias.

248 1151 405 1191 Deinde
432 1151 472 1191 in
499 1151 734 1192 necessitate
773 1151 901 1193 inesse
936 1153 1136 1193 notionem
1172 1152 1353 1205 violenti3
1389 1167 1482 1193 nam
1507 1152 1548 1193 id
1577 1166 1669 1206 quo-

248 1233 325 1271 que
362 1234 433 1259 nos
467 1233 611 1259 vocare
648 1220 916 1260 necessarium
954 1221 1057 1273 quod
1093 1220 1281 1261 faciamus
1314 1221 1441 1260 aliena
1467 1221 1669 1260 voluntate

248 1292 367 1341 atque
395 1286 561 1341 imperio
590 1286 730 1327 coacti.
788 1287 891 1327 Tum
919 1287 1055 1328 eodem
1085 1289 1141 1328 uti
1173 1288 1331 1328 nomine
1359 1302 1460 1342 quae
1488 1287 1600 1328 aliter
1627 1301 1668 1328 se

248 1355 393 1394 habere
416 1360 631 1407 nequeant.
677 1354 787 1402 Quas
806 1361 885 1394 tres
910 1355 1156 1395 necessitatis
1178 1355 1484 1408 significationes
1498 1355 1592 1395 Met.
1607 1359 1667 1403 Λ,

249 1422 281 1460 7.
316 1422 416 1461 1072
433 1421 460 1461 b
483 1422 529 1461 11
560 1422 836 1475 complectitur
863 1422 944 1462 his:
972 1421 1020 1463 τὸ
1048 1421 1124 1475 γὰρ
1153 1419 1372 1476 ἀναγκαῖον
1398 1426 1668 1475 τοσαυταχῶς,

256 1487 303 1528 τὸ
331 1487 406 1538 μὲν
432 1485 506 1542 βίᾳ
534 1485 600 1529 ὅτι
628 1487 743 1540 παρὰ
777 1487 850 1542 τὴν
886 1485 1031 1543 ὁρμήν,
1065 1489 1113 1531 τὸ
1147 1490 1194 1532 δὲ
1228 1484 1279 1532 οὗ
1312 1487 1384 1531 οὔκ
1411 1486 1508 1532 ἄνευ
1533 1490 1581 1532 τὸ
1609 1486 1667 1541 εὖ,

250 1554 298 1597 τὸ
326 1555 373 1597 δὲ
399 1554 454 1608 μῆ
484 1553 747 1607 ἐνδεχόμενον
775 1552 910 1604 ἄλλως
938 1552 1031 1597 ἀλλ’
1062 1553 1216 1606 ἅπλῶς.
1259 1559 1445 1612 Denique
1473 1560 1588 1599 affert
1605 1574 1669 1599 ne-

248 1624 472 1664 cessitatem
501 1624 732 1676 syllogismi.
775 1625 839 1664 Ea
866 1624 968 1664 enim
995 1625 1109 1665 huius
1138 1631 1197 1665 est
1224 1631 1376 1675 natura,
1404 1630 1447 1665 ut
1475 1625 1525 1665 sit
1549 1622 1669 1678 λόγος

250 1689 293 1732 ἐν
322 1684 355 1746 ᾧ
380 1690 586 1733 τεθέντων
611 1693 733 1734 τινῶν
761 1689 898 1746 ἕτερόν
919 1706 959 1733 τι
982 1693 1063 1733 τῶν
1089 1691 1283 1745 κειμένων
1304 1691 1350 1742 ἐξ
1368 1689 1542 1747 ἀνάγκης
1568 1707 1668 1746 συμ-

248 1759 384 1812 βαίνει
411 1762 465 1815 τῷ
492 1763 623 1803 ταῦτα
649 1756 757 1803 εἶναι
771 1760 815 1815 ¹).

350 1830 415 1869 Ex
445 1830 587 1884 quibus
617 1835 805 1883 quattuor
830 1830 1076 1870 necessitatis
1096 1830 1309 1884 generibus
1328 1830 1496 1884 primum
1515 1837 1667 1873 tantum

247 1898 297 1938 ad
327 1911 488 1938 causam
521 1897 681 1938 finalem
718 1903 896 1951 spectare
932 1904 1072 1952 sponte
1106 1896 1283 1952 apparet.
1339 1897 1420 1939 Sed
1455 1899 1552 1940 haec
1587 1900 1668 1954 qui-

251 1966 339 2005 dem
369 1966 586 2005 necessitas
614 1964 655 2004 in
684 1964 862 2005 doctrina
889 1958 1127 2006 Aristotelea
1160 1965 1298 2005 eodem
1327 1980 1404 2019 quo
1433 1980 1550 2007 causa
1576 1968 1669 2008 fina-

247 2033 295 2073 lis
332 2032 455 2073 utitur
489 2032 638 2073 ambitu
652 2032 693 2085 ²),
732 2032 918 2086 quocirca
946 2032 1178 2073 Aristoteles
1212 2032 1440 2087 saepissime
1474 2034 1591 2075 finem
1629 2041 1668 2075 et

245 2100 513 2141 necessarium
551 2100 644 2140 dicit
678 2114 761 2141 esse
796 2115 934 2141 causas
968 2100 1160 2154 rerum³).
1216 2099 1298 2141 Sed
1334 2101 1513 2154 quamvis
1549 2116 1668 2156 saepe

339 2271 361 2311 ¹)
385 2272 446 2302 An.
477 2272 574 2311 prior.
604 2271 636 2310 1,
664 2273 690 2300 l.
725 2269 800 2300 24b
819 2272 876 2308 18,
908 2269 981 2301 coll.
1011 2269 1108 2310 Soph.
1137 2270 1176 2302 el.
1204 2273 1229 2303 1.
1255 2270 1353 2302 164b
1371 2272 1427 2301 2⁷:
1463 2267 1481 2301 ὁ
1508 2269 1574 2312 μὲν
1602 2268 1668 2312 γὰρ

247 2323 474 2368 συλλογισμὸς
497 2324 535 2355 ἐκ
558 2324 659 2357 τινῶν
683 2322 753 2355 ἐστὶ
775 2324 938 2355 τεθέντων
962 2320 1046 2355 ὥστε
1069 2323 1178 2365 λέγειν
1202 2321 1315 2365 ἕτερόν
1337 2335 1365 2355 τι
1384 2322 1419 2359 ἐξ
1435 2320 1583 2366 ἀνάγκης
1604 2324 1670 2356 τῶν

246 2381 412 2422 κειμένων
435 2377 491 2410 διὰ
515 2378 581 2410 τῶν
605 2378 783 2420 κειμένων.

337 2434 360 2473 ²)
384 2433 483 2474 Phys.
508 2433 550 2472 11,
576 2435 603 2464 9.
630 2434 691 2463 200
709 2442 728 2462 a
744 2430 776 2462 7:
801 2428 923 2474 ὁμοίως
947 2430 983 2463 δὲ
1009 2431 1066 2462 καὶ
1091 2430 1127 2463 ἐν
1149 2432 1217 2465 τοῖς
1240 2426 1353 2467 ἄλλοις
1376 2432 1493 2474 πᾶσιν,
1517 2432 1553 2466 ἐν
1576 2430 1668 2467 ὅσοις

247 2487 283 2520 τὸ
308 2486 406 2521 ἕνεκά
429 2498 488 2519 που
513 2485 614 2526 ἐστίν,
647 2484 711 2516 οὐκ
734 2480 814 2517 ἄνευ
836 2485 900 2527 μὲν
923 2487 989 2518 τῶν
1012 2483 1206 2527 ἀναγκαίαν
1229 2483 1376 2526 ἐχόντων
1398 2484 1457 2527 τὴν
1479 2484 1595 2529 φύσιν,
1627 2484 1667 2517 οὗ

246 2545 364 2586 μέντοι
386 2552 423 2584 γε
448 2539 505 2573 διὰ
530 2541 633 2573 ταῦτα
658 2536 734 2572 ἀλλ’
761 2535 780 2579 ἢ
805 2536 846 2575 ὥς
868 2537 962 2581 ὕλην,
986 2537 1063 2571 ἀλλ’
1090 2536 1187 2572 ἕνεκά
1211 2549 1280 2571 του.

337 2597 360 2635 ³)
386 2598 436 2627 De
458 2600 539 2635 part.
564 2606 614 2625 an.
639 2596 664 2633 1,
692 2597 718 2626 1.
744 2595 805 2625 642
822 2604 841 2624 a
859 2598 893 2625 1:
924 2594 1009 2626 εἰσὶν
1040 2590 1106 2635 ἄρα
1136 2591 1191 2625 δύ’
1224 2595 1327 2625 αἰτίαι
1356 2586 1471 2631 αὗται,
1501 2589 1538 2624 τό
1561 2589 1600 2623 θ’
1626 2585 1667 2622 οὗ

248 2650 346 2684 ἕνεκα
372 2650 428 2681 καὶ
452 2646 487 2681 τὸ
514 2647 548 2685 ἐξ
572 2646 730 2691 ἀνάγκης·
755 2645 862 2679 πολλὰ
885 2645 950 2690 γὰρ
973 2649 1112 2690 γίνεται,
1136 2644 1186 2680 ὅτι
1210 2644 1349 2690 ἀνάγκη.
1387 2648 1436 2679 De
1457 2655 1531 2688 gen.
1556 2655 1608 2677 an.
1623 2646 1666 2685 11,
