1837 3017
732 208 984 249 ,81-

157 330 311 374 quoque
352 321 462 357 mens
502 314 713 354 formarum
757 312 869 353 sedes
911 313 972 353 sit.
1031 313 1197 368 Semper
1230 327 1322 353 vero
1359 318 1477 366 atque
1510 327 1560 353 ex

157 391 314 426 aeterno
342 390 518 436 tempore
546 380 695 421 formae
712 382 746 420 ei
766 382 1023 421 obversantur
1043 383 1185 435 optime
1214 381 1416 422 ordinatae
1444 387 1561 434 atque

159 451 385 504 dispositae,
420 455 463 488 ut
496 448 682 487 mundum
718 448 889 487 efficiant
923 462 1054 486 unum.
1109 448 1237 496 Quam
1271 449 1321 488 ob
1356 461 1437 487 rem
1468 448 1561 487 deus

158 524 218 558 est
242 516 290 558 τὸ
316 514 358 557 τί
382 510 432 570 ἦν
459 509 565 556 εἶναι
597 513 645 555 τὸ
673 513 835 569 πρῶτον
848 516 897 566 “),
935 529 1021 554 cum
1054 514 1104 555 τὰ
1137 514 1177 555 τί
1210 511 1257 569 ἧν
1292 511 1399 556 εἶναι
1432 514 1562 554 omnia

157 587 234 626 sint
259 599 331 638 per
357 583 477 623 illum.
535 582 664 630 Quam
698 583 913 622 formarum
944 582 1238 622 universitatem
1266 586 1443 623 conferre
1471 584 1564 623 licet

157 651 213 693 illi
240 650 343 706 apud
362 650 565 691 Platonem
595 649 751 690 animali
778 648 883 704 quod
911 649 1040 689 omnia
1068 649 1223 690 omnino
1253 651 1433 691 animalia
1460 651 1498 691 in
1520 665 1563 690 se

159 721 344 760 eontinet.
400 719 503 758 Nam
531 718 605 756 hoc
634 717 779 757 animal
807 717 901 756 nihil
937 717 1041 756 aliud
1074 723 1133 756 est
1159 717 1231 756 nisi
1260 718 1432 758 idearum
1463 734 1563 758 sum-

159 801 239 836 ma,
277 786 331 827 ita
364 793 495 826 tamen
529 791 572 825 ut
605 784 717 825 ideae
745 798 881 825 omnes
908 785 1055 838 pariter
1083 790 1201 838 atque
1229 785 1405 825 animalis
1432 793 1563 839 partes

160 853 304 907 optime
334 854 572 907 compositae
601 859 640 893 et
666 852 706 892 in
734 866 853 892 unum
883 852 993 906 quasi
1020 866 1163 906 eorpus
1186 853 1416 893 coniunctae
1436 855 1511 894 sint
1522 854 1563 907 ²).

262 922 395 975 Atque
432 921 481 960 ad
519 922 618 961 hanc
654 922 869 961 formarum
904 920 1200 961 universitatem
1241 921 1336 960 deus
1377 921 1564 961 mundum

159 988 340 1028 sensilem
370 988 509 1038 effecit,
538 988 687 1039 pariter
713 994 830 1041 atque
859 987 954 1026 deus
983 987 1087 1040 apud
1114 988 1324 1028 Platonem
1352 988 1566 1028 secundum

161 1055 304 1095 animal
337 1055 603 1109 intellegibile.
659 1055 760 1096 Cum
793 1068 887 1095 vero
924 1054 986 1094 dei
1018 1061 1150 1095 mente
1188 1056 1569 1109 comprehendantur

160 1124 332 1172 formae,
366 1123 521 1162 divinae
547 1129 711 1163 naturae
739 1123 880 1176 plenae
909 1121 986 1161 sint
1021 1136 1182 1162 necesse
1209 1129 1286 1173 est,
1324 1137 1401 1177 quo
1429 1124 1492 1174 fit,
1527 1130 1569 1163 ut

161 1191 223 1230 hic
251 1204 408 1244 quoque
437 1189 617 1239 mundus,
646 1197 690 1230 ut
718 1190 784 1244 qui
814 1188 1029 1230 seeundum
1056 1190 1142 1230 illas
1171 1191 1332 1230 effectus
1352 1191 1402 1230 sit
1421 1198 1458 1231 et
1482 1205 1569 1231 con·

163 1258 283 1308 ditus,
329 1264 493 1298 naturae
532 1258 687 1298 divinae
723 1259 772 1297 sit
804 1259 1014 1312 particeps.
1070 1259 1209 1312 Itaque
1245 1258 1363 1297 divini
1399 1259 1567 1298 numinis

163 1326 369 1379 qualitates
397 1326 641 1380 aliquatenus
672 1326 787 1365 etiam
828 1326 864 1366 iu
894 1326 1007 1366 huius
1034 1326 1169 1366 muudi
1196 1326 1311 1366 rebus
1341 1333 1566 1366 cernuntur.

164 1394 271 1433 Deus
300 1400 360 1434 est
387 1394 614 1445 substantia,
648 1400 769 1443 actus,
807 1394 897 1444 vita,
934 1400 1128 1444 aeternus,
1162 1393 1388 1447 speculatio,
1417 1400 1476 1433 est
1503 1394 1568 1433 bo-

163 1475 255 1500 num
291 1467 330 1501 et
364 1461 573 1515 optimum,
614 1462 797 1515 quocirca
838 1461 976 1500 harum
1020 1475 1176 1515 quoque
1214 1475 1344 1501 rerum
1384 1461 1567 1514 primaria

164 1534 303 1569 natura
337 1536 396 1570 est
430 1529 648 1570 substantia
681 1537 799 1582 atque
836 1535 941 1568 certe
980 1542 1079 1582 quae
1121 1529 1292 1569 animata
1327 1536 1417 1569 suut
1451 1530 1570 1569 vitam

164 1602 371 1649 actumque
400 1603 437 1635 et
464 1596 732 1635 aeternitatem
762 1601 952 1649 appetunt
968 1596 1016 1648 ³);
1045 1602 1163 1648 atque
1191 1596 1390 1636 hominum
1421 1611 1570 1636 summa

135 1661 264 1702 ‘actio
302 1669 362 1703 est
395 1664 608 1715 speculatio
625 1663 670 1714 ⁴).
733 1663 945 1703 Praeterea
982 1663 1079 1702 fines
1123 1664 1188 1715 qui
1225 1669 1315 1702 sunt
1354 1659 1569 1703 secundum

257 1825 276 1863 ¹)
300 1826 374 1856 Met.
397 1827 445 1864 A,
469 1828 499 1856 8.
526 1828 606 1856 1074
621 1836 640 1856 a
656 1828 706 1856 35.

255 1878 279 1918 ²)
301 1879 383 1911 Plat.
406 1879 488 1909 Tim,
513 1879 601 1910 300:
631 1875 758 1910 Τούτου
783 1875 818 1910 δ’
844 1875 1052 1920 ὑπάρχοντος
1073 1873 1115 1909 αὖ
1139 1876 1176 1909 τὰ
1200 1874 1327 1913 τούτοις
1350 1877 1468 1920 ἐφεξῆς
1490 1877 1570 1922 ἡμῖν

165 1932 308 1971 λεκτέον,
330 1934 395 1964 τίνι
417 1932 483 1963 τῶν
506 1930 597 1968 ζώων
621 1931 723 1963 αὑτὸν
746 1934 792 1967 εἰς
814 1929 993 1975 ὁμοιότητα
1011 1929 1027 1961 ὁ
1045 1930 1196 1966 ξυνιστὰς
1217 1932 1403 1971 ξυνέστησε.
1427 1933 1492 1963 τῶν
1506 1933 1571 1974 μὲν

165 1980 225 2018 οὖν
248 1984 284 2018 ἐν
305 1987 430 2028 μέρους
451 1984 533 2017 εἴδει
555 1982 759 2028 πεφυκότων
780 1984 901 2028 μηδενὶ
931 1982 1203 2028 καταξιώσωμεν·
1231 1983 1340 2017 ἀτελεῖ
1370 1983 1436 2026 γὰρ
1466 1984 1574 2021 ἐοικὸς

167 2037 267 2071 οὐδέν
298 2037 375 2071 ποτ’
406 2035 449 2071 ἂν
478 2041 609 2080 γένοιτο
637 2037 756 2072 καλόν·
787 2032 826 2071 οὗ
857 2038 892 2070 δ’
916 2039 984 2071 ἔστι
1010 2034 1114 2069 τᾶλλα
1145 2039 1210 2075 ζῶα
1242 2036 1322 2069 καθ’
1349 2038 1386 2070 ἓν
1409 2040 1465 2069 καὶ
1488 2039 1570 2070 κατὰ

164 2093 244 2131 γένη
264 2089 386 2134 μόρια,
415 2090 520 2132 τούτῳ
548 2089 686 2124 πάντων
714 2090 914 2135 ὁμοιότατον
943 2089 1045 2122 αὐτὸν
1075 2089 1159 2122 εἶναι
1189 2092 1346 2134 τιθῶμεν.
1379 2089 1419 2122 τὰ
1441 2089 1506 2133 γὰρ
1530 2090 1570 2131 δὴ

167 2144 268 2182 νοητὰ
293 2145 358 2181 ζῶα
381 2144 490 2176 πάντα
515 2145 622 2176 ἐκεῖνο
646 2145 682 2177 ἐν
705 2144 812 2185 ἑαυτῷ
835 2143 1016 2184 περιλαβὸν
1040 2144 1124 2185 ἔχει,
1147 2143 1304 2187 καθάπερ
1325 2142 1382 2176 ὅδε
1407 2143 1424 2175 ὁ
1446 2143 1571 2186 κόσμος

166 2193 253 2239 ἡμᾶς
275 2195 339 2229 ὅσα
362 2209 396 2231 τε
418 2194 503 2229 ἄλλα
526 2200 707 2240 θρέμματα
730 2200 923 2237 ξυνέστηκεν
945 2195 1061 2237 ὁρατά.

257 2252 280 2289 ³)
303 2253 352 2282 De
374 2252 470 2282 anim.
491 2252 534 2290 11,
559 2255 587 2283 4.
611 2253 674 2282 415
691 2262 710 2282 a
727 2254 783 2282 26:
807 2247 1042 2292 φυσικώτατον
1063 2250 1130 2292 γὰρ
1153 2252 1219 2283 τῶν
1242 2251 1351 2292 ἔργων
1374 2253 1440 2286 τοῖς
1463 2251 1573 2290 ζῶσιν,

168 2301 233 2336 ὅσα
251 2305 357 2337 τέλεια
381 2306 436 2337 καὶ
458 2303 505 2348 μὴ
529 2303 734 2349 πηρώματα,
758 2301 778 2346 ἢ
801 2302 859 2345 τὴν
880 2306 1013 2346 γένεσιν
1036 2303 1229 2348 αὐτομάτην
1252 2305 1336 2347 ἔχει,
1366 2304 1402 2337 τὸ
1436 2306 1572 2346 ποιῆσαι

168 2358 280 2400 ἕτερον
304 2355 377 2391 οἷον
400 2355 501 2397 αὐτό,
530 2359 614 2399 ζῷον
635 2359 701 2402 μὲν
723 2360 823 2399 ζῷον,
851 2356 961 2399 φυτὸν
984 2358 1022 2390 δὲ
1046 2358 1172 2401 φυτόν,
1200 2360 1258 2391 ἵνα
1280 2360 1340 2390 τοῦ
1363 2357 1415 2389 ἀεὶ
1437 2361 1494 2389 καὶ
1515 2360 1573 2389 τοῦ

168 2413 288 2443 θείου
309 2413 493 2455 μετέχωσιν
517 2403 538 2455 ᾗ
555 2410 726 2444 δύνανται·
751 2409 860 2443 πάντα
883 2410 948 2453 γὰρ
971 2412 1101 2445 ἐκείνου
1124 2409 1271 2456 ὀρέγεται
1297 2409 1452 2444 κάκείνου
1476 2411 1572 2444 ἕνεκα

168 2462 304 2508 πράττει
327 2464 391 2499 ὅσα
414 2463 549 2508 πράττει
571 2465 655 2500 κατὰ
678 2465 795 2509 φύσιν.

258 2521 283 2558 ⁴)
305 2520 379 2550 Eth.
403 2521 471 2551 Nic.
495 2520 536 2558 X,
561 2519 590 2552 7.
618 2520 805 2550 11⁷7b26:
835 2516 852 2549 ὁ
882 2517 920 2550 δὲ
951 2520 1102 2554 τοιοῦτος
1131 2515 1173 2550 ἄν
1201 2520 1249 2557 εἴη
1277 2520 1348 2558 βίος
1377 2515 1574 2559 κρείττωνῆ

170 2571 244 2606 κατ’
270 2568 471 2617 ἄνθρωπον·
497 2571 536 2604 οὐ
560 2571 626 2617 γὰρ
649 2564 669 2619 ᾗ
693 2567 872 2617 ἔνθρωπός
895 2572 984 2606 ἔστιν
1008 2570 1093 2606 οὕτω
1115 2570 1284 2614 βιώσεται,
1314 2570 1391 2603 ἀλλ’
1415 2563 1435 2615 ᾗ
1459 2569 1576 2606 θεῖόν

169 2639 199 2658 τι
223 2627 259 2661 ἐν
282 2625 371 2668 αὐτῷ
394 2626 546 2668 ὑπάρχει·
571 2625 640 2668 ὅσῳ
664 2627 701 2658 δὲ
725 2627 879 2668 διαφέρει
902 2628 999 2659 τοῦτο
1021 2628 1082 2658 τοῦ
1106 2628 1280 2663 συνθέτου,
1309 2623 1456 2665 τοσούτῳ
1479 2627 1536 2656 καὶ
1560 2624 1578 2665 ἡ

159 2678 318 2725 ιένέργεια
341 2681 396 2723 τῆς
418 2680 501 2714 κατὰ
524 2678 582 2722 τὴν
605 2677 707 2722 ι’ίλλην
731 2678 861 2726 ἀρετήν.
884 2681 914 2714 εἰ
936 2679 977 2722 δὴ
1000 2683 1120 2714 θεῖον
1137 2677 1153 2712 ὂ
1170 2679 1250 2715 νοῦς
1272 2677 1356 2723 πρὸς
1371 2677 1429 2713 τὸν
1445 2675 1580 2724 ἅνθρω-

1309 2739 1334 2777 6
