1837 3017
824 149 1074 189 „43-

352 255 517 309 Atque
544 256 639 296 alia
666 254 898 296 eiusmodi
926 260 1056 304 sunt,
1097 260 1148 294 ut
1173 266 1341 295 omnes
1369 265 1446 292 res
1473 266 1526 292 ea
1551 265 1658 306 par-

247 323 460 376 ticipent
486 323 543 363 ad
572 330 737 374 totum,
767 316 838 377 [ὦν
864 323 890 363 i.
912 337 946 362 e.
975 319 1078 363 ὥστε
1106 318 1250 372 αὐτῶν,
1281 322 1329 361 cf.
1359 321 1460 361 Plat.
1483 319 1581 372 Rep.
1603 320 1657 368 II,

246 390 382 431 36οΒ.
412 391 562 432 Herod.
590 391 663 443 IV,
692 391 742 432 52
770 390 859 445 eet]
889 391 927 431 h.
945 404 980 431 e.
1009 396 1167 445 praeter
1195 405 1241 431 ea
1269 403 1371 444 quae
1405 393 1497 429 sunt
1531 386 1658 439 singu·

246 459 373 499 larum
400 473 530 500 rerum
558 465 722 498 naturae
759 459 919 513 propria
946 472 993 498 ac
1020 458 1251 511 peculiaria,
1288 463 1380 497 sunt
1407 457 1525 497 etiam
1552 460 1660 494 certa

248 526 458 580 quaedam,
493 541 595 580 quae
634 527 815 568 omnibus
842 526 1001 567 omnino
1031 525 1252 566 communia
1285 531 1391 576 sunt,
1429 530 1549 578 atque
1587 536 1658 575 per

248 606 350 646 quae
394 594 574 633 omnibus
623 593 871 633 necessitudo
920 593 1051 646 aliqua
1092 607 1182 632 cum
1228 593 1410 633 universo
1452 590 1657 642 contingit.

249 660 363 708 Quae
398 667 527 701 autem
564 662 641 701 sint
678 661 746 700 illa
782 653 839 700 ὦν
871 663 1057 701 κοινωνεῖ
1089 659 1271 710 ἅπαντα,
1314 661 1387 700 etsi
1423 658 1659 699 Aristoteles

247 741 375 782 neque
410 729 474 769 hic
506 742 634 782 neque
675 728 751 768 alio
779 728 865 768 loco
894 728 1005 779 dicit,
1041 728 1246 782 apparebit
1274 742 1323 768 ex
1351 727 1397 767 iis
1413 740 1527 780 ‘quae
1554 724 1658 764 infra

246 795 558 848 disputabuntur.

350 863 618 903 subsistamus
655 863 856 916 paulisper
890 862 930 901 in
968 863 1043 902 hoc
1078 864 1165 903 loco
1195 862 1489 903 considerando.
1546 859 1658 899 Sum-

246 943 350 970 mum
386 930 505 983 igitur
540 930 687 970 bonum
722 935 761 968 et
794 929 1076 969 transcendens
1115 937 1190 982 est,
1233 927 1498 984 quodnostri
1535 926 1657 981 philo—

247 998 359 1050 sophi
386 1004 539 1048 voeant,
569 1003 608 1037 et
635 998 866 1036 immanens.
921 998 983 1036 Ac
1010 999 1292 1038 transcendens
1321 997 1483 1050 quidem
1508 996 1656 1035 bonum

247 1069 307 1104 est
332 1063 446 1115 deus,
475 1071 612 1105 contra
637 1064 772 1104 mundi
800 1063 895 1104 ordo
924 1071 983 1104 est
1009 1064 1154 1105 bonum
1181 1066 1419 1116 immanens,
1455 1063 1564 1104 cuius
1591 1062 1656 1102 ille

246 1139 306 1171 est
332 1139 478 1172 auctor.
532 1133 598 1173 Ad
625 1145 745 1173 unum
774 1132 895 1185 igitur
925 1146 988 1171 res
1017 1133 1127 1186 quasi
1156 1133 1395 1186 compositae
1423 1138 1542 1185 atque
1569 1144 1656 1170 eon-

245 1199 399 1239 iunctae
426 1206 535 1250 sunt3
572 1205 745 1240 attamen
781 1213 859 1239 non
890 1213 1025 1240 omnes
1064 1200 1199 1240 eadem
1227 1206 1390 1240 utuntur
1419 1197 1656 1247 conditione,

244 1266 314 1306 sed
341 1268 449 1307 varia
484 1268 648 1321 singulis
684 1266 894 1320 generibus
929 1282 1018 1307 cum
1056 1267 1201 1307 mundo
1233 1268 1418 1307 universo
1447 1271 1507 1306 est
1542 1264 1656 1314 ratio,

246 1349 362 1387 quam
389 1335 438 1374 ob
468 1349 624 1374 eausam
664 1335 779 1373 etiam
812 1334 1003 1373 libertatis
1039 1335 1126 1388 plus
1160 1335 1339 1374 minusve
1376 1334 1541 1387 singulis
1569 1346 1657 1372 con·

246 1401 409 1442 ceditur.
464 1402 598 1441 Veluti
625 1401 809 1451 siderum,
838 1401 979 1454 quibus
1006 1401 1178 1441 maxime
1206 1417 1304 1455 opus
1333 1403 1381 1442 sit
1400 1401 1450 1442 ad
1468 1399 1656 1441 mundum

246 1469 580 1519 conservandum,
616 1468 821 1509 artissimis
855 1469 999 1508 finibus
1035 1470 1118 1509 vita
1154 1476 1193 1510 et
1219 1471 1322 1510 actio
1362 1467 1660 1519 circumscripta

245 1544 317 1588 est,
348 1543 486 1577 contra
511 1537 630 1577 rebus
659 1550 762 1590 quae
789 1536 889 1576 fiunt
907 1542 948 1576 et
965 1537 1176 1588 intereunt,
1204 1545 1247 1578 ut
1266 1552 1368 1592 quae
1388 1537 1509 1577 multo
1533 1535 1661 1576 minus

246 1605 295 1644 ad
322 1611 447 1645 totum
467 1604 703 1644 servandum
722 1604 940 1653 conferant,
969 1606 1092 1644 multo
1112 1605 1200 1658 plus
1222 1605 1414 1645 libertatis
1435 1602 1662 1643 conceditur

246 1678 285 1712 et
312 1672 435 1711 multa
472 1672 512 1711 in
548 1670 595 1710 iis
631 1671 911 1724 permittuntur
945 1671 1063 1710 casui.
1119 1671 1308 1719 Quamvis
1346 1678 1477 1711 autem
1515 1683 1661 1721 magna

245 1739 295 1778 sit
320 1752 450 1778 rerum
482 1738 702 1788 diversitas,
730 1744 863 1777 tamen
891 1737 1085 1791 quaedam
1109 1745 1200 1778 sunt
1219 1738 1398 1778 omnibus
1426 1736 1659 1787 communia,

247 1821 318 1859 per
346 1820 447 1859 quae
476 1806 607 1846 omnia
631 1805 673 1845 in
701 1805 890 1845 mundum
918 1821 1038 1845 unum
1068 1804 1335 1846 conciliantur.
1385 1806 1530 1846 Omnia
1556 1804 1659 1844 enim

246 1874 442 1924 divinum,
477 1872 524 1915 τὸ
553 1871 931 1927 3810v‚‘'appetunt‚
963 1888 1035 1928 per
1068 1888 1184 1928 quem
1217 1873 1434 1928 appetitum
1462 1873 1595 1914 omnia
1622 1878 1662 1912 et

245 1942 380 1981 valent
408 1942 555 1995 aliquid
584 1941 634 1980 ad
661 1956 856 1981 summum
884 1943 1029 1981 bonum
1058 1942 1164 1994 quod
1191 1943 1231 1980 in
1266 1943 1342 1981 hoc
1370 1943 1517 1981 mundo
1545 1943 1660 1991 inest,

245 2015 285 2050 et
319 2009 358 2049 id
397 2010 633 2064 participant
649 2009 693 2063 ¹).
749 2008 849 2049 Cum
882 2014 1012 2049 autem
1046 2008 1155 2047 varia
1197 2022 1298 2063 quae
1337 2010 1456 2049 rebus
1497 2008 1660 2063 singulis

246 2092 333 2118 cum
361 2079 545 2118 universo
571 2077 779 2117 intercedit
805 2078 905 2117 ratio
933 2077 972 2115 in
1001 2090 1136 2116 earum
1163 2077 1338 2130 ipsarum
1365 2085 1506 2118 natura
1534 2077 1662 2131 posita

246 2146 306 2196 sit,
334 2159 397 2185 res
426 2145 604 2199 singulae
632 2144 865 2185 constitutae
893 2145 972 2185 sint
996 2158 1158 2185 necesse
1179 2152 1240 2186 est
1267 2146 1481 2187 secundum
1509 2145 1663 2186 univer-

246 2214 413 2253 sitatem.
467 2212 587 2252 Redit
619 2211 737 2263 igitur
770 2211 874 2252 idem
903 2213 1008 2265 quod
1044 2213 1123 2252 iam
1163 2214 1204 2253 in
1233 2227 1399 2267 corpore
1425 2213 1659 2253 notavimus.

247 2278 588 2329 Quemadmodum
616 2277 722 2318 enim
749 2278 929 2332 singulae
955 2281 1132 2334 corporis
1170 2287 1303 2335 partes
1331 2281 1461 2322 factae
1488 2287 1580 2321 sunt
1605 2294 1661 2320 se-

246 2347 415 2387 eundum
445 2361 586 2398 corpus
614 2352 752 2396 totum,
781 2347 837 2386 sic
866 2347 981 2386 etiam
1003 2348 1246 2400 singularum
1275 2363 1405 2388 rerum
1426 2355 1566 2388 natura
1585 2347 1658 2386 deo

336 2520 357 2560 ¹)
381 2521 470 2552 Haeo
492 2522 596 2562 magis
620 2522 819 2563 apparebunt
841 2532 880 2553 ex
901 2521 973 2553 loeo
995 2521 1054 2554 ubi
1085 2523 1124 2555 de
1151 2524 1284 2555 numine
1307 2523 1418 2554 divino
1442 2522 1540 2554 verba
1561 2524 1658 2556 facie-

189 2608 192 2611 *
246 2586 329 2615 mus,
356 2576 496 2606 maxime
524 2584 563 2605 ex
587 2576 629 2607 iis
660 2586 742 2617 quae
765 2576 802 2608 de
824 2576 957 2615 ratione,
986 2586 1068 2617 quae
1091 2578 1202 2609 formis
1226 2586 1263 2608 ac
1287 2576 1480 2611 substantiis
1503 2587 1576 2610 cum
1600 2578 1659 2611 deo

245 2630 431 2670 intercedat,
455 2632 664 2670 exponentur.
