1837 3017
743 169 996 210 -47-

165 280 240 327 est,
265 280 311 316 ut
336 274 573 318 dissecemus
599 275 719 331 ligna,
754 274 846 316 talis
873 287 1005 315 serrae
1032 273 1158 315 forma
1185 271 1411 329 requiritur,
1444 284 1573 328 neque

164 332 303 384 dentes
335 350 487 385 tantum
520 359 571 384 ex
611 358 731 398 opere
769 343 1021 397 exsequendo
1060 342 1140 395 apti
1175 357 1222 383 ac
1262 342 1444 395 suspensi
1471 348 1572 391 sunt,

166 424 302 452 verum
330 411 448 453 etiam
475 411 632 452 lamina,

268 480 403 532 Atque
435 480 552 519 etiam
590 480 714 519 multo
750 479 865 518 latius
891 477 1135 518 necessitatis
1162 478 1441 531 hypotheticae
1470 477 1576 529 apud

164 544 418 587 Aristotelem
445 546 543 587 fines
570 552 721 601 patent.
776 545 845 586 Sic
872 544 1101 586 animalium
1134 551 1265 597 partes
1292 560 1395 600 quae
1422 544 1577 586 inferio-

164 613 220 652 ris
255 620 346 652 sunt
380 614 526 653 ordinis
563 614 728 667 aliisque
768 613 968 652 subiectae
1008 612 1041 650 si
1080 613 1234 651 confers
1270 613 1486 665 potioribus
1528 627 1574 651 ac

166 680 532 734 praestantioribus,
572 681 619 721 iis
660 693 762 735 quae
795 693 846 720 ex
886 678 1093 734 hypothesi
1131 680 1352 720 necessaria
1385 687 1475 721 sunt
1509 681 1575 721 ad-

165 748 336 788 scribere
373 749 505 789 debes.
559 748 694 788 Veluti
728 761 831 801 quae
867 752 1000 800 partes
1031 746 1271 787 nutrimenta
1305 749 1508 801 excipiunt
1534 755 1574 788 et

166 823 425 871 concoquunt,
455 816 622 856 effectae
649 821 742 855 sunt
759 829 782 855 a
800 820 952 864 natura,
980 807 1025 853 ut'
1052 814 1264 854 consistere
1291 816 1443 869 possint
1469 816 1576 856 nobi-

165 882 281 924 liores
297 884 336 934 ¹).
390 885 532 938 Neque
566 884 679 924 aliter
712 897 775 923 res
803 897 845 923 se
877 883 1018 932 habet,
1050 882 1083 921 si
1117 883 1346 924 sensitivam
1381 885 1576 938 componi-

164 965 250 991 mus
277 965 366 991 cum
393 951 647 991 intellectivo.
703 950 807 990 Nam
841 949 915 989 etsi
941 962 1011 989 suo
1048 949 1171 1003 ipsius
1199 950 1426 991 sensitivum
1456 951 1578 992 utitur

166 1018 263 1066 fine,
296 1024 429 1058 tamen
461 1019 566 1057 idem
599 1024 763 1071 propter
789 1018 1041 1068 cogitativum
1073 1023 1132 1056 est
1160 1023 1291 1069 atque,
1321 1019 1395 1057 hoc
1424 1025 1465 1057 ut
1491 1033 1577 1058 esse

165 1083 297 1138 possit,
332 1085 469 1126 oritur.
525 1085 698 1127 Omnino
726 1097 819 1125 vero
848 1097 984 1124 omnes
1010 1089 1142 1138 partes
1175 1083 1460 1139 facultatesque
1488 1091 1577 1127 sunt

166 1153 427 1202 necessariae,
455 1160 500 1192 ut
527 1155 716 1192 consistat
742 1159 867 1191 totum
896 1166 942 1190 ac
970 1166 1081 1191 suam
1109 1158 1268 1190 tueatur
1293 1159 1474 1191 naturam
1485 1153 1530 1204 ²).

267 1218 408 1272 Neque
442 1219 571 1259 minus
604 1218 819 1259 necessitas
853 1231 955 1271 quae
990 1223 1049 1257 est
1082 1232 1131 1258 ex
1166 1218 1374 1272 hypothesi
1408 1219 1578 1260 cernitur

166 1285 206 1325 in
240 1287 321 1325 vita
354 1287 567 1326 hominum.
623 1286 726 1325 Nam
771 1291 813 1326 ut
851 1299 1003 1325 summa
1042 1285 1109 1325 illa
1144 1285 1386 1325 beatitudine
1420 1292 1460 1325 et
1494 1286 1576 1326 vita

167 1353 316 1407 optima
347 1354 424 1394 frui
459 1353 671 1407 possimus,
689 1342 804 1407 'opus
838 1360 898 1394 est
929 1353 1043 1394 bonis
1073 1359 1112 1393 et
1139 1353 1354 1394 commodis
1388 1354 1576 1404 externis,

169 1434 270 1475 quae
297 1435 369 1475 per
396 1434 438 1460 se
467 1421 625 1475 quidem
653 1421 875 1476 appetenda
901 1433 980 1460 non
1006 1425 1115 1470 sunt,
1150 1420 1221 1460 sed
1254 1420 1304 1459 ob
1339 1433 1426 1460 eam
1453 1420 1576 1461 solam

168 1503 340 1539 causam,
381 1489 486 1542 quod
513 1489 597 1529 sine
624 1489 672 1528 iis
699 1488 782 1528 vita
810 1490 958 1541 optima
985 1488 1197 1528 consistere
1224 1488 1362 1541 nequit
1374 1489 1417 1540 ⁸).
1463 1489 1579 1537 Quod

168 1556 273 1597 idem
300 1555 436 1597 videre
462 1556 557 1596 licet
581 1556 620 1596 in
650 1555 823 1596 civitate.
876 1555 983 1597 Nam
1009 1555 1097 1596 finis
1125 1554 1284 1609 quidem
1313 1555 1396 1595 eius
1423 1561 1502 1606 est,
1536 1562 1582 1596 ut

167 1624 344 1663 homines
371 1623 452 1662 vita
478 1624 536 1662 uti
561 1623 714 1677 possint
748 1623 852 1675 bona
885 1629 1004 1677 atque
1037 1622 1215 1676 perfecta
1225 1623 1270 1674 ⁴).
1328 1623 1410 1663 Sed
1436 1624 1510 1663 hoc
1537 1631 1581 1664 ut

169 1690 254 1731 fieri
287 1690 430 1745 possit,
466 1690 588 1731 multa
621 1690 697 1730 alia
732 1691 1003 1743 requiruntur,
1039 1690 1159 1731 veluti
1193 1704 1355 1731 necesse
1384 1698 1444 1732 est
1472 1692 1580 1732 cives

168 1757 267 1799 fines
300 1757 475 1798 incolant
509 1757 685 1809 eosdem,
723 1763 766 1809 ut
797 1763 958 1799 utantur
990 1757 1094 1798 inter
1128 1771 1171 1798 se
1206 1758 1373 1799 conubio
1407 1765 1447 1799 et
1480 1773 1578 1800 com-

259 1896 281 1934 ¹)
303 1896 353 1926 De
375 1898 454 1935 part.
478 1905 529 1927 an.
552 1895 612 1934 111,
639 1897 687 1927 10.
711 1898 772 1927 672
789 1896 810 1928 b
827 1899 882 1927 22:
906 1896 942 1927 τὸ
966 1895 1030 1939 μὲν
1051 1894 1117 1937 γὰρ
1141 1891 1210 1928 ἅνω
1235 1895 1327 1928 ἐστὶν
1343 1888 1383 1928 οὗ
1397 1896 1509 1930 ἕνεκεν
1523 1898 1581 1929 καὶ

167 1949 311 1991 βέλτιον,
337 1946 374 1980 τὸ
399 1946 437 1979 δὲ
459 1945 547 1980 κάτω
569 1946 607 1980 τὸ
630 1946 749 1981 τούτου
778 1949 889 1983 ἕνεκεν
916 1950 974 1982 καὶ
995 1948 1196 1992 ἀναγκαῖον,
1226 1947 1262 1982 τὸ
1293 1950 1350 1991 τῆς
1377 1952 1505 1994 τροφῆς
1531 1952 1583 1984 δε·

169 2000 294 2039 κακόν.

258 2055 282 2095 ²)
298 2056 342 2088 ⁹12.
365 2055 388 2086 1.
412 2056 439 2094 Ι,
465 2058 494 2086 1.
517 2058 579 2088 640
595 2067 615 2087 a
630 2058 686 2088 33:
716 2055 769 2087 διὸ
791 2053 938 2099 μάλιστα
962 2055 1028 2100 μὲν
1050 2057 1184 2088 λεκτέον
1207 2054 1252 2092 ὠς
1279 2056 1396 2099 ἐπειδὴ
1424 2057 1516 2091 τοῦτ’
1540 2055 1582 2099 ἦν

168 2108 205 2142 τὸ
229 2106 402 2152 ἀνθρώπῳ
423 2107 521 2148 εἶναι,
545 2107 601 2140 διὰ
624 2110 721 2141 τοῦτο
744 2107 840 2140 ταῦτ’
864 2109 949 2150 ἔχει·
973 2106 1013 2140 οὐ
1035 2108 1101 2152 γὰρ
1125 2109 1296 2152 ἐνδέχεται
1311 2110 1397 2144 εἶναι
1412 2109 1493 2145 ἄνευ
1515 2114 1582 2145 τῶν

169 2164 300 2207 μορίων
322 2159 461 2194 τούτων.

260 2216 284 2256 ³)
308 2215 380 2249 Eth.
403 2217 474 2247 Nic.
497 2216 522 2253 1,
551 2217 598 2246 10.
627 2218 706 2248 1099
721 2216 743 2247 b
759 2218 815 2248 26:
840 2217 964 2258 εἴρηται
986 2215 1053 2258 γὰρ
1076 2218 1189 2259 ψυχῆς
1203 2217 1354 2261 ἐνέργεια
1369 2216 1444 2250 κατ’
1463 2216 1582 2262 ἀρετὴν

171 2268 254 2302 ποιά
275 2280 333 2305 τις.
355 2269 422 2301 τῶν
445 2268 484 2300 δὲ
505 2268 634 2300 λοιπῶν
656 2267 800 2310 ἀγαθῶν
813 2267 854 2300 τὰ
868 2269 934 2312 μὲν
949 2267 1115 2313 ὑπάρχειν
1130 2269 1331 2313 ἀναγκαῖον,
1354 2270 1394 2303 τὰ
1411 2271 1450 2303 δὲ
1465 2282 1584 2316 συνερ-

170 2321 216 2365 γὰ
239 2323 297 2355 καὶ
313 2320 465 2365 χρήσιμα
487 2323 641 2364 πέφυκεν
663 2320 860 2364 ὄργανικιῦς.
893 2324 920 2362 1,
947 2327 995 2357 11.
1020 2328 1102 2357 1100
1118 2326 1140 2357 b
1157 2329 1191 2356 ⁷:
1213 2322 1285 2365 ἢτὸ
1302 2324 1368 2367 μὲν
1384 2328 1454 2361 ταῖς
1468 2324 1583 2368 τύχαις

172 2376 418 2408 ἐπακολουθεῖν
448 2374 607 2418 οὐδαμῶς
629 2373 746 2418 ὀρθόν.
776 2372 815 2407 οὐ
846 2373 913 2418 γὰρ
943 2376 981 2409 ἐν
1009 2377 1143 2414 ταύταις
1170 2377 1207 2410 τὸ
1239 2374 1275 2410 εὖ
1298 2375 1318 2419 ἢ
1341 2379 1466 2418 κακῶς,
1496 2378 1581 2410 ἀλλὰ

172 2428 369 2474 προσδεῖται
397 2427 525 2462 τούτων
547 2427 564 2462 ὁ
589 2426 803 2473 ἀνθρώπινος
823 2431 906 2470 βίος,
936 2428 1094 2476 καθάπερ
1117 2433 1265 2475 εἴπομεν,
1294 2430 1405 2476 κύριαι
1438 2430 1471 2463 δ’
1496 2433 1581 2465 etone

172 2485 210 2515 αἱ
231 2481 305 2516 κατ’
331 2480 450 2526 ἀρετὴν
472 2481 638 2526 ἐνέργειαι
658 2483 713 2523 τῆς
735 2479 963 2525 εὐδαιμονίας.

256 2538 282 2579 ⁴)
305 2538 401 2570 Polit.
423 2537 450 2576 Ι,
474 2539 504 2568 2.
530 2539 611 2569 1252
628 2537 649 2569 b
666 2539 720 2569 28:
748 2534 768 2578 ἡ
797 2535 831 2568 δ’
862 2535 899 2569 ἐκ
927 2534 1095 2572 πλειόνων
1123 2537 1246 2583 κωμῶν
1274 2541 1433 2573 κοινωνία
1460 2540 1584 2577 τέλειος

172 2591 279 2632 πόλις,
301 2590 321 2633 ἦ
345 2591 386 2632 δὴ
409 2589 518 2633 πάσης
540 2591 666 2632 ἔχουσα
688 2593 793 2633 πέρας
813 2591 868 2631 τῆς
890 2589 1091 2633 αὐταρκείας
1112 2591 1156 2628 ὥς
1177 2592 1256 2627 ἔπος
1280 2594 1398 2632 εἰπεῖν,
1420 2596 1583 2638 γινομένη

169 2644 235 2688 μὲν
258 2641 321 2681 οὖν
343 2645 402 2679 τοῦ
425 2645 481 2687 ζῆν
504 2644 627 2686 ἕνεκεν,
650 2641 737 2678 οὖσα
760 2644 800 2679 δὲ
820 2646 880 2679 τοῦ
902 2640 938 2679 εὖ
960 2646 1027 2688 ζῆν.
