1837 3017
788 169 1042 209 -12-

206 273 371 314 formam
384 274 423 324 ¹),
451 274 524 314 nisi
554 274 650 314 velis
679 275 845 315 formam
874 274 1096 328 significare
1123 273 1180 314 rei
1207 279 1401 325 naturam,
1431 279 1623 329 quatenus

206 340 246 380 in
284 355 327 381 re
364 342 449 396 ipsa
486 342 596 393 insit,
632 343 825 383 obiective
864 342 969 397 quod
1007 349 1169 392 vocant,
1207 348 1400 396 quatenus
1435 356 1459 382 a
1492 346 1623 382 mente

209 409 414 462 cogitetur,
451 410 669 449 subiective
706 410 810 464 quod
848 411 1029 461 dicimus,
1063 410 1275 450 notionem.
1330 410 1472 463 Itaque
1507 421 1625 449 causa

208 476 382 516 formalis
416 491 437 516 e
470 491 589 517 causa
625 477 732 518 finali
769 492 929 531 prorsus
968 484 1062 532 apta
1095 492 1142 518 ac
1176 490 1367 531 suspensa
1401 482 1482 527 est,
1519 474 1626 529 quod

210 543 380 583 maxime
408 545 695 596 cognoscimus,
724 546 756 585 si
784 545 893 585 cuius
922 545 979 585 rei
1007 546 1204 586 notionem
1229 545 1279 584 ab
1299 543 1512 583 Aristotele
1538 544 1625 596 ipso

208 611 448 665 propositam
476 612 781 653 consideramus.
823 613 959 653 Veluti
973 612 1004 666 ²)
1031 612 1188 653 domum
1208 612 1344 653 definit
1361 612 1429 661 ita,
1457 616 1501 651 ut
1514 616 1628 662 >tegu-

210 685 385 719 mentum
417 681 478 730 sit,
509 680 614 734 quod
642 695 714 721 nos
734 681 897 720 aventis
926 686 966 720 et
992 680 1181 721 imbribus
1208 687 1327 734 atque
1346 679 1520 719 aestibus
1546 684 1626 718 tue-

210 753 311 796 atur,
341 761 459 800 quam
488 747 686 788 notionem
713 763 791 788 non
819 749 937 789 modo
967 749 1168 790 continere
1188 748 1319 798 finem,
1349 761 1485 787 verum
1508 745 1624 785 etiam

211 827 257 853 eo
287 814 538 854 constitutam
567 829 654 854 esse
683 821 859 868 apparet.
913 816 1129 856 Praeterea
1163 822 1293 856 autem
1328 815 1456 854 forma
1482 813 1513 852 si
1542 825 1627 865 per-

210 881 315 921 fecta
344 888 383 921 et
409 881 588 921 absoluta
623 888 701 932 est,
735 883 853 922 etiam
891 897 989 937 opus
1025 885 1109 923 sive
1144 884 1231 922 finis
1269 882 1379 922 adest
1416 886 1484 920 aut
1522 884 1628 918 certe

210 948 376 988 facultas
405 949 535 1002 operis
565 950 824 1004 exsequendi.
880 950 948 991 Sic
976 951 1078 991 oculi
1106 950 1138 991 si
1167 949 1333 1005 perfecti
1361 954 1466 998 sunt,
1492 946 1629 986 vident

211 1021 279 1055 aut
305 1023 411 1056 certe
439 1024 605 1070 possunt
633 1018 787 1069 videre,
827 1019 964 1058 dentes
990 1019 1058 1059 ubi
1086 1019 1177 1059 facti
1205 1023 1314 1068 sunt,
1341 1016 1534 1057 mandunt
1561 1019 1628 1054 aut

211 1089 317 1123 certe
345 1084 512 1125 facultas
540 1085 752 1126 mandendi
781 1086 965 1140 suppetit.
1008 1086 1097 1135 Quo
1124 1086 1180 1136 fit,
1210 1092 1252 1126 ut
1275 1085 1400 1126 omnis
1427 1084 1467 1124 in
1494 1096 1628 1123 rerum

212 1157 354 1191 natura
390 1158 498 1192 ortus
535 1153 584 1193 ad
621 1154 789 1194 formam
821 1160 940 1208 atque
978 1155 1233 1195 substantiam
1268 1152 1424 1202 tendat,
1463 1164 1552 1191 cum
1580 1163 1629 1189 ea

212 1219 393 1258 absoluta
427 1220 545 1259 etiam
590 1221 678 1260 finis
718 1236 762 1261 re
807 1223 1023 1273 exsistat³).
1077 1222 1220 1275 Itaque
1262 1234 1380 1259 causa
1422 1218 1547 1257 finalis
1590 1222 1629 1255 et

213 1299 330 1325 causa
357 1286 530 1327 formalis
560 1288 609 1328 ad
637 1288 741 1330 idem
769 1290 853 1330 fere
881 1287 1101 1342 redeunt⁴).

317 1352 389 1393 Sin
429 1361 562 1395 autem
602 1356 728 1395 forma
763 1363 822 1396 est
857 1356 906 1396 ad
942 1371 1060 1410 quam
1098 1360 1207 1396 ortus
1240 1355 1388 1404 tendit,
1423 1359 1467 1393 ut
1500 1352 1629 1392 omnis

212 1420 334 1459 fiundi
369 1421 603 1478 oriundique
641 1423 739 1464 ratio
775 1438 826 1464 ex
860 1438 907 1465 ea
947 1424 1117 1478 pendeat
1154 1422 1332 1465 efficitur.
1387 1421 1495 1463 Talis
1523 1419 1626 1460 enim

212 1488 341 1528 forma
358 1495 401 1528 ut
421 1491 584 1530 exsistat
611 1505 771 1531 necesse
800 1497 870 1541 est,
898 1505 1017 1544 quam
1036 1492 1086 1530 ob
1106 1505 1266 1530 causam
1289 1495 1397 1529 ortus
1417 1502 1630 1541 omnesque

215 1555 297 1596 eius
331 1556 479 1609 gradus
517 1557 728 1599 secundum
771 1572 857 1598 eam
891 1564 982 1599 sunt
1019 1557 1260 1599 instituendi.
1312 1557 1452 1610 Itaque
1493 1554 1631 1609 princi-

216 1623 323 1674 pium
351 1625 504 1663 oriundi
533 1632 593 1663 est
620 1626 660 1664 id
689 1627 793 1678 quod
823 1626 907 1674 erit,
938 1640 1015 1664 non
1043 1626 1083 1664 id
1112 1626 1216 1678 quod
1251 1631 1311 1663 est
1324 1624 1365 1675 ⁵),
1403 1638 1494 1663 nam
1523 1629 1630 1661 ortus

306 1783 326 1821 ¹)
350 1784 399 1813 De
421 1793 472 1814 an.
496 1784 524 1820 1,
550 1786 578 1814 1.
603 1786 666 1814 403
682 1784 703 1814 b
721 1786 758 1814 2:
780 1781 797 1814 6
821 1783 886 1825 μὲν
909 1782 975 1823 γὰρ
998 1781 1098 1823 λόγος
1120 1783 1210 1818 εἶδος
1231 1784 1291 1814 τοῦ
1314 1781 1522 1825 πράγματος.

306 1836 327 1876 ³)
352 1837 401 1868 De
423 1847 475 1869 an.
498 1836 524 1876 1,
552 1840 579 1868 1.
604 1839 666 1870 403
683 1836 751 1869 Μ.

307 1891 328 1929 “)
351 1891 452 1931 Phys.
474 1892 516 1929 11,
546 1895 571 1921 l.
598 1893 658 1923 193
674 1892 695 1922 b
716 1895 771 1921 12:
802 1891 848 1922 ἔτι
873 1889 905 1920 δ’
932 1889 950 1929 ἡ
974 1889 1076 1932 φύσις
1098 1889 1117 1931 ἡ
1141 1892 1305 1933 λεγομένη
1329 1888 1371 1924 ὠς
1400 1891 1529 1930 γένεσις
1550 1886 1632 1924 ὁδός

216 1944 307 1976 ἐστιν
329 1945 374 1978 εἰς
397 1940 514 1986 φύσιν.
539 1967 545 1973 .
570 1969 579 1977 .
602 1967 610 1974 .
634 1941 653 1981 ἡ
678 1939 743 1984 ἄρα
766 1941 885 1985 μορφὴ
908 1940 1021 1984 φύσις,
1045 1944 1117 1975 coll.
1134 1944 1230 1975 Polit.
1247 1944 1274 1982 1,
1292 1946 1320 1974 2,
1342 1946 1421 1975 1252
1437 1944 1458 1975 b
1475 1947 1533 1975 31:
1556 1940 1631 1983 ἠδὲ

216 1995 319 2040 φύσις
341 1998 434 2032 τέλος
457 1997 557 2029 ἐστίν·
583 1992 656 2030 οἷον
678 1996 745 2040 γὰρ
769 1994 911 2030 ἕκαστόν
928 1996 998 2029 ἔστι
1016 1998 1072 2037 τῆς
1086 1999 1248 2039 γενέσεως
1269 1998 1488 2037 τελεσθείσης,
1511 1994 1633 2037 ταύτην

215 2052 334 2094 φαμὲν
355 2051 414 2092 τὴν
439 2050 544 2094 φύσιν
567 2050 651 2084 εἶναι
676 2049 829 2083 ἑκάστου.
873 2052 972 2092 Phys.
996 2052 1039 2091 11,
1064 2054 1093 2082 2.
1120 2054 1180 2082 194
1196 2062 1215 2082 a
1232 2053 1286 2082 28:
1314 2048 1333 2090 ὴ
1357 2049 1394 2082 δὲ
1418 2048 1520 2092 φύσις
1542 2052 1635 2086 τέλος

214 2107 271 2138 καὶ
296 2098 336 2138 οὗ
357 2106 466 2139 ἕνεκα.

303 2162 328 2200 ⁴)
350 2162 427 2192 Met.
458 2162 502 2200 H,
535 2163 564 2193 4.
600 2160 717 2191 1044b
736 2163 771 2190 1:
801 2161 880 2194 ἴσως
911 2157 949 2190 δὲ
977 2160 1081 2191 ταῦτα
1110 2160 1168 2198 (se.
1198 2157 1235 2190 τὸ
1264 2157 1353 2193 εἶδος
1383 2158 1441 2189 καὶ
1470 2155 1506 2189 τό
1529 2159 1633 2198 τέλος)

214 2211 321 2255 ἄμφω
344 2214 381 2246 τὸ
403 2212 498 2246 αὐτό.
543 2215 642 2254 Phys.
666 2213 709 2251 H,
734 2215 764 2244 8.
791 2215 850 2244 199
867 2223 886 2243 a
903 2216 959 2244 30:
989 2214 1047 2244 καὶ
1069 2211 1143 2244 ἐπεὶ
1165 2210 1184 2251 ἡ
1208 2210 1310 2253 φύσις
1332 2209 1438 2252 διττή,
1460 2209 1481 2252 ἡ
1502 2212 1568 2254 μὲν
1590 2210 1635 2247 ὥς

217 2264 276 2307 ὕλη
300 2265 319 2307 ἡ
342 2265 376 2299 δ’
402 2266 446 2304 ὡς
466 2265 604 2311 μορφή,
632 2268 726 2300 τέλος
748 2263 782 2296 δ’
809 2264 904 2306 αὕτη,
934 2267 994 2298 τοῦ
1015 2267 1132 2300 τέλους
1154 2262 1188 2296 δ’
1214 2265 1312 2298 ἕνεκα
1335 2261 1457 2306 τᾶλλα,
1486 2263 1568 2305 αὕτη
1592 2263 1635 2298 ἂν

215 2324 265 2361 εἴη
286 2319 305 2361 ἡ
330 2324 418 2354 αἰτία
442 2321 461 2363 ἡ
487 2314 526 2354 οὗ
549 2321 659 2354 ἕνεκα.
705 2320 755 2350 De
776 2329 848 2361 gen.
871 2330 921 2351 an.
945 2321 971 2359 1,
1000 2324 1027 2350 1.
1051 2323 1111 2350 715
1129 2330 1148 2350 a
1163 2323 1199 2350 4:
1228 2316 1423 2351 ὑπόκεινται
1445 2318 1511 2361 γὰρ
1532 2321 1635 2351 αἰτίαι

215 2378 377 2418 τέτταρες,
398 2374 436 2409 τό
459 2387 493 2409 τε
517 2368 557 2408 οὗ
581 2375 680 2408 ἕνεκα
704 2372 748 2409 ὡς
769 2374 872 2414 τέλος,
895 2375 952 2405 καὶ
975 2371 992 2406 ὁ
1010 2371 1110 2415 λόγος
1131 2373 1187 2413 τῆς
1210 2371 1336 2408 οὐσίας.
1359 2373 1462 2405 ταῦτα
1484 2373 1550 2416 μὲν
1574 2369 1636 2405 οὖν

216 2428 260 2463 ὡς
289 2430 325 2461 ἓν
355 2441 385 2460 τι
415 2429 539 2470 σχεδὸν
562 2427 747 2466 ὑπολαβεῖν
778 2427 838 2457 δεῖ.
883 2429 932 2457 De
954 2437 1028 2466 gen.
1051 2431 1083 2456 et
1106 2436 1184 2457 con·-
1209 2427 1251 2464 11,
1276 2429 1305 2456 9.
1331 2428 1392 2456 335
1408 2427 1429 2457 b
1444 2428 1482 2457 5:
1505 2423 1549 2460 ὥς
1570 2426 1636 2467 μὲν

215 2481 275 2525 ὕλη
298 2480 388 2517 τοῦτ’
415 2480 505 2517 ἔστὶν
530 2485 638 2516 αἴτιον
661 2483 730 2517 τοῖς
752 2483 918 2522 γενητοῖς,
949 2477 992 2516 ὥς
1015 2477 1053 2512 δὲ
1077 2477 1114 2512 τὸ
1139 2470 1178 2511 οὗ
1202 2478 1313 2513 ἕνεκεν
1336 2477 1355 2521 ἡ
1377 2478 1496 2524 μορφὴ
1519 2480 1576 2512 καὶ
1598 2477 1635 2513 τό

217 2537 323 2573 εἶδος·
355 2539 453 2570 τοῦτο
485 2535 516 2569 0⁴
547 2538 637 2569 ἐστὶν
669 2534 685 2566 ὁ
712 2532 811 2575 λόγος
840 2532 856 2566 6
882 2536 937 2574 τῆς
965 2531 1111 2565 ἑκάστου
1135 2532 1261 2568 οὐσίας.
1306 2535 1355 2565 De
1377 2540 1458 2576 part.
1482 2545 1532 2566 an.
1556 2535 1635 2572 1,*1.

219 2595 279 2625 689
295 2593 316 2625 b
335 2596 384 2624 14.

307 2648 329 2688 ⁵)
353 2649 402 2680 De
425 2651 504 2688 part.
529 2656 580 2677 an.
604 2646 629 2684 1,
656 2648 682 2676 1.
708 2647 849 2678 640a3.
