1837 3017
811 110 1093 150 -104-

241 230 306 256 σει
334 213 571 268 θερμότητα
601 214 642 256 ἓν
668 217 726 268 τῷ
752 213 913 265 σώματι
934 213 1139 268 ἐποίησεν·
1171 214 1272 269 αὕτη
1292 213 1334 256 δ’
1357 214 1465 257 ἐστὶν
1484 213 1510 269 ἢ
1528 213 1664 270 ὑγίεια

241 279 266 335 ἢ
293 283 434 334 μέρος,
472 281 496 336 ἢ
525 280 754 323 ἀκολουθεῖ
787 281 893 338 αὐτῇ
928 283 1052 337 μέρος
1087 299 1128 323 τι
1161 284 1233 337 τῆς
1267 280 1425 336 ὑγιείας
1452 281 1478 338 ἢ
1507 282 1609 338 αὐτὴ
1639 281 1662 337 ἡ

240 348 390 402 ὑγίεια·
413 343 498 392 Ᾰὸιὸ
528 351 596 392 καὶ
625 351 788 403 λέγεται
815 354 969 397 ποιεῖν,
1007 349 1072 391 ὅτι
1109 350 1237 392 ἐκεῖνο
1267 355 1384 393 ποιεῖ
1407 351 1480 405 τὴν
1508 349 1665 404 ὑγίειαν

240 411 272 472 ιῖ-
306 416 532 458 ἆκολουθεῖ
574 419 643 459 καὶ
685 420 912 472 συμβέβηκε
953 415 1172 472 θερμότης.
1233 420 1309 459 Pro
1352 434 1429 473 quo
1472 419 1664 460 vocabulo

243 493 421 542 extremo
459 487 698 528 assentimur
733 488 933 537 Bonitzio,
968 487 1052 527 viro
1087 487 1136 526 de
1165 486 1391 527 Aristotelis
1428 487 1667 540 metaphysi-

240 568 376 593 corum
404 553 514 594 libris
542 554 850 609 interpretandis
878 554 1080 606 praeclare
1107 553 1260 604 merito,
1289 554 1541 595 scribendum
1561 567 1665 595 esse:

241 618 263 674 ἡ
285 619 431 674 ὑγίεια.
476 622 683 662 Sententia
702 629 834 663 autem
855 621 1052 662 enunciati
1072 622 1240 662 extremi
1261 636 1347 662 esse
1375 623 1487 663 nobis
1512 622 1668 662 videtur

241 690 357 729 haec:
388 705 507 743 quam
536 691 586 730 ob
616 705 774 731 causam
805 691 910 729 calor
935 689 1001 743 qui
1031 696 1091 730 est
1117 690 1157 730 in
1185 704 1348 744 corpore
1377 690 1494 731 etiam
1523 689 1668 730 dicitur

242 757 403 796 efficere
435 758 517 796 scil.
554 758 783 806 sanitatem,
819 764 1033 809 propterea
1069 758 1175 810 quod
1209 757 1248 796 id
1284 758 1407 796 efficit
1439 758 1667 805 sanitatem,

243 824 349 877 quod
393 825 646 878 consequitur
688 824 829 877 cuique
871 823 1015 862 accidit
1055 825 1217 865 sanitas.
1287 824 1371 865 Ubi
1412 824 1518 865 enim
1560 823 1669 864 calor

243 892 420 944 corporis
452 892 657 932 restitutus
687 898 764 941 est,
802 891 946 930 sanitas
974 893 1243 945 consequitur,
1280 906 1400 946 quam
1428 893 1479 931 ob
1509 904 1668 931 causam

243 961 414 1000 calorem
450 959 515 1013 qui
552 965 611 998 est
648 959 686 998 in
724 972 890 1011 corpore
931 959 1110 999 sanitatis
1147 974 1307 1000 causam
1343 959 1519 1000 dicimus.
1574 957 1669 999 Alia

244 1034 362 1082 atque
396 1042 468 1067 nos
503 1027 552 1066 de
588 1027 662 1066 hoc
697 1027 784 1067 loco
821 1026 1024 1066 existimat
1051 1026 1275 1078 Bonitzius,
1311 1029 1378 1081 qui
1418 1027 1562 1068 omisso
1596 1025 1669 1080 τὴν

242 1092 402 1148 ὑγίειαν
430 1095 656 1134 accusativo
686 1095 876 1147 explicat:
912 1093 979 1134 διὸ
1016 1094 1086 1134 καὶ
1116 1094 1278 1147 λέγεται
1306 1098 1442 1135 ποιεῖν
1470 1095 1611 1148 (intell.
1641 1092 1665 1147 ἦ

243 1162 285 1204 ἐν
317 1165 368 1217 τῇ
403 1159 560 1215 κινήσει
595 1160 803 1215 θερμότης
837 1161 910 1216 τὴν
938 1159 1136 1215 ὑγίειαν),
1173 1160 1238 1203 ὅτι
1273 1161 1400 1204 ἐκεῖνο
1430 1162 1569 1215 (intell.
1596 1160 1669 1214 τὴν.

243 1231 284 1271 ἐν
310 1232 366 1284 τῷ
394 1228 552 1280 σώματι
579 1227 833 1282 θερμότητα)
862 1233 987 1277 ποιεῖ,
1019 1223 1052 1283 ᾧ
1080 1227 1308 1270 ἀκολουθεῖ
1327 1229 1395 1270 καὶ
1420 1228 1669 1282 συμβέβηκεν

245 1296 266 1352 ἡ
289 1296 437 1351 ὑγίεια.
481 1298 594 1345 Quae
624 1298 836 1350 explicatio
858 1298 907 1336 ob
938 1299 1039 1337 hane
1068 1298 1241 1337 maxime
1270 1312 1431 1337 causam
1461 1298 1668 1351 probanda

245 1382 330 1408 esse
369 1383 448 1407 non
484 1364 651 1415 videtur,
687 1364 794 1417 quod
823 1363 985 1417 λέγεται
1022 1365 1132 1405 verbi
1170 1365 1389 1406 subiectum
1423 1372 1585 1419 propter
1622 1379 1670 1405 ea

245 1448 347 1487 quae
385 1433 625 1473 antecedunt
660 1445 746 1470 esse
783 1433 918 1484 nequit
959 1432 1034 1471 nisi
1070 1433 1179 1472 calor
1214 1432 1281 1484 qui
1319 1439 1380 1472 est
1413 1433 1453 1472 in
1489 1446 1667 1486 corpore.

247 1501 329 1542 Sed
379 1503 456 1542 iam
507 1505 754 1540 revertamur
800 1498 849 1538 ad
898 1499 1028 1540 locum
1076 1500 1261 1553 priorem.
1337 1499 1450 1547 Quae
1507 1500 1573 1540 ina
1620 1500 1669 1540 de

246 1570 387 1623 quibus
432 1568 586 1621 egimus
629 1565 752 1605 verba
795 1573 1013 1619 sequuntur
1053 1573 1161 1607 recte
1202 1580 1226 1605 a
1259 1566 1441 1606 Bonitzio
1482 1572 1668 1619 putamus

246 1637 389 1690 corrigi
424 1637 499 1676 hoc
534 1634 670 1675 modo:
706 1627 796 1674 οἷον
829 1635 901 1686 τῆς
938 1632 1069 1683 οἰκίας
1105 1631 1146 1675 οἱ
1183 1631 1302 1675 λίθοι
1329 1633 1399 1674 καὶ
1424 1635 1505 1674 τῶν
1532 1629 1669 1674 ἄλλων

246 1700 374 1744 ἄλλαι
403 1705 496 1758 (hoc
526 1708 748 1743 extremum
776 1708 908 1743 autem
935 1709 996 1743 est
1023 1703 1063 1743 id
1091 1701 1197 1756 quod
1225 1701 1347 1742 efficit
1365 1706 1484 1755 atque
1501 1701 1541 1741 id
1563 1701 1668 1756 quod

245 1774 301 1813 ita
329 1786 371 1812 se
399 1773 518 1811 habet
545 1786 638 1823 pars
672 1771 851 1810 sanitatis
885 1770 982 1822 est),
1018 1770 1141 1810 veluti
1175 1770 1348 1810 aedificii·
1376 1770 1548 1823 lapides,
1583 1770 1667 1809 scil.

246 1855 338 1893 pars
366 1845 476 1889 sunt,
511 1845 551 1878 et
579 1838 745 1877 aliorum
774 1837 863 1876 alia.
920 1838 1006 1877 Iam
1035 1837 1250 1890 quaeritur,
1285 1851 1378 1876 num
1414 1838 1488 1876 hac
1515 1836 1669 1877 ratione

246 1909 349 1946 iusta
369 1906 563 1945 efficiatur
582 1905 868 1944 sententiarum
888 1906 1153 1944 cohaerentia.
1197 1904 1313 1951 Quod
1333 1904 1401 1943 vix
1422 1903 1668 1943 crediderim.

246 1973 349 2013 Nam
391 1972 431 2012 in
469 1972 573 2011 hunc
611 1970 770 2011 modum
808 1971 840 2011 si
877 1971 1003 2010 verba
1037 1970 1328 2018 constituimus,
1376 1969 1669 2010 confunduntur

245 2042 349 2083 inter
377 2053 420 2078 se
450 2052 568 2078 causa
596 2038 773 2077 efficiens
802 2044 842 2077 et
869 2052 990 2077 causa
1016 2037 1242 2077 materialis.
1297 2038 1439 2090 Itaque
1473 2036 1669 2076 excidisse

247 2113 429 2160 putamus
465 2105 701 2146 sententiam
738 2121 817 2158 qua
854 2105 1091 2146 Aristoteles
1133 2105 1183 2145 ad
1225 2119 1384 2147 causam
1424 2105 1667 2146 materialem

246 2174 456 2213 transierit.
513 2173 629 2221 Quae
665 2173 781 2212 fuerit
815 2173 881 2212 illa
920 2172 1134 2220 sententia,
1173 2178 1280 2212 certo
1323 2172 1400 2212 diei
1434 2186 1513 2212 non
1552 2185 1669 2226 posse

246 2248 424 2295 apparet.
480 2242 668 2280 Attamen
710 2255 797 2280 cum
839 2241 1049 2281 antecedat
1090 2254 1233 2280 causae
1276 2241 1481 2283 efficientis
1523 2242 1668 2283 mentio

246 2315 365 2361 atque
393 2315 582 2360 sequatur
611 2309 933 2348 commemoratio
961 2309 1170 2354 materiae,
1207 2308 1316 2347 cuius
1352 2315 1494 2348 natura
1520 2316 1581 2348 est
1608 2323 1668 2360 ea,

247 2383 288 2416 ut
317 2375 500 2429 patiatur,
531 2382 569 2414 et
599 2375 864 2428 quodcunque
893 2376 1016 2416 efficit
1034 2377 1201 2416 alterum
1222 2375 1327 2430 quod
1346 2376 1518 2429 patiatur
1543 2377 1670 2431 requi·

247 2451 323 2483 rat:
354 2444 524 2496 exempli
554 2458 673 2482 causa
701 2444 876 2483 inserere
904 2445 1024 2485 liceat
1052 2446 1285 2484 sententiam
1314 2446 1433 2483 hane:
1472 2447 1507 2485 ei
1536 2452 1668 2485 autem

248 2509 353 2564 quod
383 2509 504 2550 efficit
531 2523 689 2564 semper
718 2525 809 2562 pars
829 2526 931 2566 quae
952 2513 1126 2566 patiatur
1155 2513 1379 2566 suppeditet
1406 2527 1570 2554 necesse
1598 2518 1668 2552 est.

247 2579 389 2628 Itaque
418 2579 546 2617 locum
576 2579 859 2618 restituendum
882 2594 967 2618 esse
986 2586 1171 2633 putamus
1197 2580 1235 2617 in
1256 2581 1359 2620 hunc
1378 2581 1462 2620 fere
1489 2579 1668 2620 modum:
