1837 3017
175 299 275 353 gitat
301 295 488 337 autemid
507 293 612 348 quod
636 294 809 334 omnium
835 296 1005 334 maxime
1025 294 1195 335 divinum
1222 308 1268 334 ac
1296 293 1574 336 nobilissimum

175 371 233 406 ost
249 364 368 416 idque
386 363 471 402 sine
490 361 572 400 una
588 361 812 400 mutatione.
850 361 952 400 Nam
971 374 1043 413 per
1061 361 1315 401 mutationem
1338 359 1388 399 ad
1410 361 1575 402 deterius

175 430 269 486 quid
296 429 495 478 transiret,
530 432 649 480 atque
677 434 883 481 praeterea
910 428 1008 467 haee
1034 427 1196 468 mutatio
1221 429 1262 469 in
1290 441 1332 469 se
1360 427 1577 470 contineret

173 503 341 544 motum,
371 496 438 549 qui
466 509 489 534 a
515 493 683 534 numinis
713 494 833 533 divini
861 501 1001 534 natura
1028 508 1185 546 prorsus
1212 496 1323 535 abest
1337 495 1378 547 ¹).
1436 496 1576 549 Neque

174 563 428 618 compositum
458 562 551 616 quid
587 575 673 601 esse
707 567 836 614 potest
864 561 969 615 quod
996 560 1090 601 deus
1123 568 1252 602 mente
1287 563 1576 616 complectitur3

174 632 317 672 etenim
345 629 603 683 compositum
632 629 664 667 si
694 635 809 678 esset,
838 643 1013 668 summus
1040 628 1259 668 intellectus
1286 631 1325 669 in
1353 645 1577 682 percurren-

174 699 231 738 dis
261 697 497 751 cogitatione
530 695 693 749 singulis
721 695 897 749 partibus
931 695 1054 734 motui
1091 701 1130 734 et
1156 696 1356 735 mutationi
1385 707 1485 738 esset
1512 700 1577 739 ob-

173 766 312 805 noxius
324 765 366 817 ²).
421 764 599 817 Simplex
633 763 753 815 igitur
781 762 873 815 quid
914 762 964 801 sit
989 776 1151 801 necesse
1179 768 1249 801 est.
1302 765 1433 816 Atque
1462 781 1576 818 quae-

173 845 326 886 cunque
354 831 518 871 materia
546 836 702 879 carent,
729 828 920 882 simplicia
948 835 1038 869 sunt
1065 835 1106 869 et
1131 829 1331 870 individua
1341 830 1382 882 ³).
1437 833 1575 886 Itaque

172 899 498 953 quemadmodum
534 898 755 937 intellectus
789 897 1000 947 humanus,
1038 897 1131 937 licet
1164 899 1379 951 composita
1405 900 1575 953 cogitare

171 967 314 1017 soleat,
351 965 547 1006 interdum
576 978 617 1004 se
643 965 762 1004 habet
788 963 883 1017 (non
917 964 1020 1003 enim
1053 964 1093 1004 in
1119 965 1194 1005 hoc
1222 972 1289 1005 aut
1315 966 1352 1005 in
1381 967 1472 1016 hoc,
1508 968 1578 1007 sed

171 1035 209 1074 in
237 1040 319 1074 toto
349 1048 426 1087 quo
455 1032 751 1084 comprehendit
773 1031 976 1085 optimum,
1005 1033 1184 1085 quamvis
1205 1033 1400 1075 diversum
1424 1035 1471 1074 ab
1491 1035 1576 1088 ipso

171 1101 255 1153 sit),
289 1101 344 1140 ita
383 1100 566 1152 cogitatio
602 1113 703 1152 quae
737 1105 796 1138 est
829 1100 969 1139 suimet
1001 1099 1123 1152 ipsius
1151 1100 1336 1152 cogitatio
1365 1114 1436 1154 per
1463 1106 1579 1142 omne

173 1181 313 1209 aevum
341 1183 382 1208 se
408 1166 581 1218 habet⁴).

273 1235 383 1274 Deus
410 1235 529 1287 igitur
555 1248 711 1287 semper
738 1248 856 1274 unum
876 1234 995 1287 idque
1020 1234 1261 1275 individuum
1281 1237 1427 1289 cogitat
1445 1250 1574 1290 neque

169 1301 326 1341 aliunde
351 1303 460 1356 petit.
516 1301 596 1355 Sed
626 1301 812 1356 quidnam
845 1301 919 1341 hoc
946 1317 1065 1342 unum
1095 1303 1181 1342 est?
1228 1303 1386 1343 Diserte
1416 1304 1573 1357 quidem

169 1369 401 1409 Aristoteles
428 1370 467 1410 id
496 1384 688 1424 nusquam
717 1370 826 1419 dixit,
855 1369 1105 1422 cognoscitur
1134 1376 1263 1410 autem
1283 1384 1303 1410 e
1323 1371 1451 1411 verbis
1472 1386 1573 1425 quae

167 1437 297 1489 paullo
312 1452 431 1490 supra.
444 1439 655 1477 attulimus.
687 1436 1049 1488 „Quemadmodum
1066 1451 1175 1476 mens
1197 1438 1367 1476 humana
1386 1453 1427 1477 se
1442 1439 1571 1488 habet,

167 1503 235 1544 ubi
261 1504 406 1545 bonum
436 1504 594 1558 cogitat,
622 1503 677 1543 sic
704 1503 927 1544 intellectus
957 1503 1109 1543 divinus
1129 1518 1170 1544 se
1191 1504 1310 1544 habet
1328 1519 1399 1558 per
1418 1519 1572 1546 omnem

168 1572 475 1611 aeternitatem.“
519 1571 677 1624 Cogitat
697 1571 816 1624 igitur
844 1572 941 1610 deus
968 1572 1114 1610 bonum
1143 1578 1182 1611 et
1211 1573 1414 1624 optimum,
1442 1573 1489 1613 τὰ
1517 1569 1573 1622 εὖ,

165 1635 213 1679 τὸ
241 1634 420 1693 ἄριστον.
448 1628 452 1632 4
475 1639 616 1693 Neque
646 1638 773 1679 minus
800 1638 841 1678 id
868 1644 1033 1692 apparet
1060 1652 1110 1679 ex
1138 1639 1269 1679 verbis
1303 1640 1571 1693 parenthetice

165 1708 334 1747 insertis.
390 1709 506 1757 „Non
546 1706 691 1756 enim,“
733 1707 805 1755 ait,
841 1707 1087 1758 „intellectus
1125 1709 1316 1747 humanus
1353 1708 1496 1747 bonum
1529 1708 1568 1747 in

165 1773 239 1813 hoe
266 1780 333 1814 aut
358 1775 398 1814 in
428 1775 501 1814 hoc
530 1774 687 1826 cogitat,
715 1773 784 1813 sed
810 1773 849 1813 in
877 1779 958 1813 toto
986 1788 1063 1827 quo
1091 1774 1353 1828 amplectitur,
1389 1775 1569 1828 quamvis

165 1841 213 1880 ab
240 1843 325 1894 ipso
354 1841 552 1880 diversum
579 1840 664 1879 sit.“
721 1840 832 1887 Quae
860 1842 893 1880 si
919 1842 1106 1893 legimus,
1142 1843 1320 1894 cogimur
1329 1872 1338 1890 ,
1367 1849 1410 1880 ut
1437 1848 1570 1881 mente

164 1907 370 1947 addamus:
406 1908 527 1948 multo
563 1907 684 1960 igitur
717 1908 842 1960 magis
871 1914 1174 1948 consentaneum
1203 1915 1277 1958 est,
1314 1907 1489 1949 divinum
1514 1909 1571 1948 in-

164 1975 376 2025 tellectum,
403 1981 539 2029 utpote
567 1976 675 2015 cuius
703 1981 842 2015 natura
869 1989 893 2014 a
919 1975 1022 2015 bono
1050 1989 1128 2014 non
1156 1975 1324 2025 differat,
1351 1975 1447 2014 illud
1475 1981 1571 2015 tam·

165 2056 282 2095 quam
308 2048 432 2082 totum
460 2042 553 2095 quid
582 2048 621 2081 et
648 2057 767 2082 unum
797 2043 968 2095 cogitare
996 2056 1066 2095 per
1094 2056 1209 2081 omne
1237 2056 1392 2082 aevum.

251 2174 274 2214 ¹)
297 2175 372 2206 Met.
393 2176 441 2213 A,
465 2176 493 2206 9.
522 2177 603 2206 1074
620 2174 640 2205 b
658 2176 712 2206 25:
744 2173 847 2214 δῆλον
868 2179 981 2206 τοίνυν
1004 2171 1056 2206 ὅτι
1076 2173 1113 2206 τὸ
1136 2173 1315 2208 θειότατον
1338 2176 1394 2206 καὶ
1415 2173 1571 2218 τιμιώτα-

161 2238 219 2260 τον
241 2231 329 2266 νοεῖ,
360 2229 417 2259 καὶ
445 2223 484 2258 οὖ
507 2226 721 2269 μεταβάλλει·
750 2229 794 2263 εἰς
821 2230 937 2269 χεῖρον
958 2226 1025 2269 γὰρ
1048 2225 1067 2268 ἡ
1089 2226 1275 2271 μεταβολή,
1298 2230 1353 2260 καὶ
1376 2231 1502 2266 κίνησίς
1524 2241 1571 2265 τις

160 2276 224 2321 ἤδη
246 2281 282 2313 τὸ
306 2282 467 2313 τοιοῦτον.

253 2335 277 2374 ¹)
299 2335 337 2366 L.
360 2335 382 2366 1.
409 2336 489 2366 1075
506 2344 525 2365 a
541 2339 576 2365 5:
608 2333 654 2366 ἔτι
678 2332 718 2374 δὴ
742 2335 887 2366 λείπεται
909 2332 1051 2376 ἀπορία,
1074 2337 1104 2368 εἰ
1126 2333 1289 2368 σύνθετον
1311 2335 1346 2368 τὸ
1370 2334 1569 2379 νοούμενον.

160 2385 363 2429 μεταβάλλοι
385 2386 450 2428 γὰρ
474 2383 515 2418 ἂν
538 2386 575 2418 ἐν
596 2390 665 2421 τοῖς
686 2389 802 2429 μέρεσι
823 2388 882 2418 τοῦ
903 2385 997 2420 ὅλου.

251 2440 275 2481 ³)
298 2441 336 2473 L.
359 2442 383 2473 l.
410 2444 489 2473 1075
506 2450 526 2471 a
541 2443 576 2473 6:
600 2437 619 2481 ἢ
642 2438 833 2483 ἀδιαίρετον
856 2441 926 2474 πᾶν
948 2439 985 2474 τὸ
1007 2441 1054 2484 μὴ
1078 2442 1156 2483 ἕχον
1177 2439 1270 2482 ὕλην.

246 2494 272 2533 ⁴)
295 2495 333 2525 L.
356 2495 379 2525 l.
406 2497 486 2525 1075
503 2505 522 2525 a
538 2497 574 2524 7:
597 2492 709 2535 ὥσπερ
732 2492 797 2537 γὰρ
814 2491 831 2525 ὁ
849 2492 1065 2537 ἀνθρώπινος
1086 2496 1173 2533 νοῦς,
1196 2493 1215 2526 ὅ
1236 2505 1275 2536 γε
1297 2497 1363 2527 τῶν
1386 2497 1569 2536 συνθέτων,

162 2545 231 2588 ἔχει
258 2546 295 2585 ἔν
323 2558 388 2580 τινι
412 2545 525 2591 χρόνῳ
554 2546 611 2588 (οὐ
640 2545 704 2590 γὰρ
736 2546 803 2589 ἔχει
828 2546 865 2579 τὸ
888 2543 925 2580 εὖ
948 2548 985 2582 ἐν
1006 2549 1088 2591 τῳδὶ
1109 2547 1129 2590 ἢ
1151 2549 1187 2581 ἐν
1211 2548 1310 2590 τῳδί,
1339 2547 1417 2580 ἀλλ’
1442 2549 1478 2582 ἐν
1501 2547 1569 2591 ὅλῳ

161 2601 225 2633 τινὶ
253 2599 289 2633 τὸ
320 2596 473 2642 ἅρισιον,
510 2598 550 2632 ὂν
578 2598 659 2633 ἄλλο
687 2602 750 2641 τι),
775 2598 886 2636 οὕτως
915 2600 956 2641 δὴ
984 2602 1051 2644 ἔχει
1082 2601 1161 2642 αὐτὴ
1192 2600 1289 2642 αὐτῆς
1318 2601 1337 2642 ἡ
1368 2600 1483 2642 νόησις
1509 2603 1569 2637 τὸν

162 2650 296 2687 ἅπαντα
320 2654 439 2686 αῖῶνα.
