1837 3017
739 153 990 193 -89-

160 260 329 295 motores
364 254 532 296 voluisse
566 271 589 295 a
623 256 696 297 deo
734 271 820 297 esse
856 258 1070 310 profectos,
1111 257 1259 311 pariter
1298 263 1417 310 atque
1449 258 1562 297 Plato

159 327 270 374 putat
296 322 466 375 reliquos
496 323 587 361 deos
615 337 750 362 omnes
778 324 902 363 factos
931 338 1016 362 esse
1044 338 1066 362 a
1094 325 1165 364 deo
1195 338 1347 364 summo
1363 323 1405 375 ¹).
1460 324 1563 364 Nam

158 389 230 427 hoc
263 388 294 427 si
327 403 406 429 non
441 390 642 429 statuisset
678 389 929 439 Aristoteles,
970 396 1050 429 tota
1093 390 1268 430 doctrina
1310 390 1562 440 claudicaret,

157 468 245 493 cum
274 454 454 508 principii
481 455 610 495 unitas
637 471 803 510 prorsus<
822 457 1033 506 tolleretur,
1062 472 1189 510 neque
1211 458 1305 498 Met.
1322 461 1381 506 Λ,
1406 458 1464 496 10.
1485 471 1563 505 ex„

159 526 363 573 postquam
402 523 440 562 in
476 523 604 576 capite
638 529 777 563 octavo
815 531 910 577 quot
943 523 1145 563 stellarum
1183 530 1350 563 motores
1384 523 1564 564 sumendi

158 593 288 627 essent
316 590 521 641 explicuit,
555 589 684 630 dicere
712 596 883 644 poterat:
918 587 958 631 οἱ
992 589 1038 631 δὲ
1075 589 1257 641 λέγοντες
1283 589 1353 630 τὸν
1380 588 1564 644 ἀριθμὸν

156 655 329 708 πρῶτον,
349 655 420 697 τὸν
436 657 727 710 μαθηματικὸν
746 656 815 697 καὶ
834 655 966 706 οὕτως
984 654 1051 698 ἀεὶ
1072 653 1196 710 ἄλλην
1214 654 1400 710 ἐχομένην
1419 655 1563 698 οὐσίαν

157 719 227 761 καὶ
254 718 378 775 ἀρχὰς
406 721 574 777 ἑκάστης
601 721 741 773 ἄλλας,
772 722 1047 777 ἐπεισοδιώδη
1065 723 1137 777 τὴν
1154 725 1227 763 τοῦ
1246 724 1399 772 παντὸς
1417 721 1563 766 οὐσίαν

157 790 351 829 ποιοῦσιν
384 787 529 841 (οὐθὲν
562 790 637 844 γὰρ
665 788 687 844 ἢ
719 789 837 844 ἑτέρα
868 793 919 845 τῇ
953 789 1069 846 ἑτέρᾳ
1101 788 1377 842 συμβάλλεται
1405 787 1511 832 οὖσα
1537 788 1562 845 ἢ

153 854 209 908 μὴ
241 851 362 908 οὖσα)
397 857 466 897 καὶ
500 854 622 910 ἀρχὰς
650 857 827 907 πολλάς·
862 858 913 900 τὰ
942 859 988 900 δὲ
1016 854 1112 899 ὄντα
1141 855 1189 898 οὗ
1218 856 1414 909 βούλεται
1441 859 1562 898 πολι-

155 919 354 964 τεύεσθαι
380 926 523 973 κακῶς.

380 989 477 1045 ἢούκ
506 990 670 1046 ἀγαθὸν
697 991 1002 1047 πολυκοιρανίη·
1032 988 1091 1042 εἷς
1117 990 1339 1047 '‘domoc“

259 1059 317 1100 Ut
343 1060 478 1114 paucis
507 1064 883 1115 comprehendamus
911 1076 1010 1115 quae
1046 1061 1225 1115 proxime
1254 1055 1433 1114 exposita
1460 1067 1562 1110 sunt,

157 1126 303 1178 cogitat
339 1128 433 1167 deus
467 1129 682 1170 formarum
717 1145 764 1169 ac
798 1129 1103 1169 substantiarum
1136 1142 1328 1168 summam
1362 1134 1478 1181 atque
1513 1128 1563 1167 ad

157 1193 338 1234 effectum
374 1209 438 1235 eas
474 1196 633 1237 adducit
665 1198 858 1248 motione3
899 1196 1044 1248 cogitat
1084 1203 1213 1237 autem
1254 1209 1409 1247 semper
1443 1209 1562 1234 unum

153 1260 348 1314 idemque,
379 1277 467 1303 cum
495 1271 607 1303 extra
634 1272 855 1317 temporum
885 1278 1020 1303 cursus
1050 1264 1099 1302 sit
1118 1264 1277 1316 positus,
1305 1263 1360 1301 ita
1378 1268 1422 1302 ut
1441 1268 1562 1301 muta-

152 1327 205 1366 tio
233 1328 338 1368 nullo
371 1332 485 1370 modo
523 1346 612 1372 eum
645 1332 824 1384 attingat.
879 1331 1019 1384 Itaque
1052 1344 1179 1383 neque
1213 1331 1286 1369 fuit
1323 1343 1451 1382 neque
1488 1329 1562 1368 erit

152 1395 303 1434 numini
331 1396 463 1436 divino
492 1399 716 1452 quidquam,
745 1399 813 1438 sed
842 1397 1066 1451 praesentia
1094 1403 1184 1435 sunt
1211 1397 1351 1435 omnia.
1398 1395 1561 1435 Minime

154 1476 247 1503 vero
275 1463 518 1516 ignoramus,
557 1468 781 1520 quicunque
810 1465 858 1504 de
886 1465 961 1504 hac
988 1478 1030 1502 re
1059 1462 1311 1503 disseruerint
1339 1463 1414 1502 alia
1442 1469 1561 1516 atque

153 1545 224 1569 nos
255 1537 438 1571 statuere.
486 1534 627 1587 Itaque
655 1535 731 1573 iam
751 1530 1081 1585 progrediendum
1108 1530 1220 1569 nobis
1248 1536 1306 1568 est
1334 1529 1384 1568 ad
1411 1535 1562 1569 senten·

152 1598 225 1638 tias
255 1598 417 1639 aliorum
446 1601 748 1641 considerandas
778 1607 817 1640 et
845 1598 1134 1653 examinandas.
1190 1598 1249 1637 Ac
1276 1598 1443 1650 primum
1481 1597 1561 1650 qui-

152 1664 242 1706 dem
261 1666 436 1720 plerique
456 1667 601 1708 dietum
621 1667 716 1708 illud
735 1666 1031 1706 Aristoteleum:
1057 1670 1226 1704 mentem
1247 1663 1416 1703 divinam
1437 1670 1561 1703 semet

150 1731 277 1783 ipsam
305 1732 481 1784 cogitare
508 1742 627 1787 atque
656 1734 932 1786 cogitationem
961 1733 1042 1771 eius
1070 1744 1155 1770 esse
1184 1730 1430 1782 cogitationis
1459 1731 1560 1781 cogi-

151 1797 349 1851 tationem,
376 1799 430 1840 ita
457 1800 742 1852 intellexerunt,
772 1807 814 1841 ut
841 1800 935 1840 deus
964 1798 1067 1854 apud
1087 1796 1337 1838 Aristotelem
1368 1811 1446 1838 non
1474 1811 1558 1851 per-

150 1867 299 1918 ciperet
325 1868 400 1907 nisi
428 1884 537 1909 suam
565 1870 686 1922 ipsius
714 1875 905 1916 naturam,
934 1869 969 1906 h.
991 1882 1023 1906 e.
1051 1872 1093 1905 ut
1120 1880 1142 1903 a
1171 1866 1361 1917 cogitaret
1388 1880 1422 1904 a.
1468 1865 1557 1913 Quo

153 1931 309 1974 adducti
339 1948 384 1975 eo
415 1941 516 1986 sunt,
540 1942 583 1976 ut
610 1949 718 1975 mera
745 1935 784 1974 vi
812 1934 1018 1976 attractiva
1046 1933 1159 1973 deum
1190 1946 1348 1972 movere
1375 1939 1561 1986 putarent

153 2007 272 2054 atque
305 2017 369 2043 res
404 2004 596 2055 originem
629 2019 652 2042 a
688 2003 760 2042 deo
796 2003 940 2042 habere
973 2002 1040 2040 illo
1073 2014 1201 2053 neque
1239 2001 1395 2039 volente
1431 2014 1561 2053 neque

151 2068 312 2109 sciente.
368 2070 517 2112 Contra
552 2086 668 2125 quam
704 2069 935 2110 sententiam
969 2067 1062 2108 satis
1098 2074 1157 2107 est
1191 2082 1406 2131 provocare
1435 2068 1485 2107 ad
1512 2081 1559 2106 ea

152 2150 251 2189 quae
285 2137 334 2176 de
368 2152 508 2178 causae
543 2138 670 2178 finalis
706 2138 810 2192 apud
838 2136 1089 2177 Aristotelem
1122 2143 1262 2176 natura
1290 2150 1313 2174 a
1339 2135 1451 2175 nobis
1487 2135 1558 2174 dis-

81 2225 86 2228 -
150 2208 287 2256 putata
319 2211 421 2245 sunt.
478 2205 649 2245 Omnino
683 2219 777 2245 vero
812 2202 1077 2258 quaerendum
1111 2209 1187 2253 est,
1223 2218 1292 2243 cur
1326 2202 1557 2243 Aristoteles

148 2284 278 2311 rerum
308 2273 542 2326 principium
571 2287 656 2313 esse
686 2272 862 2312 statuerit
888 2277 1080 2319 mentem,
1122 2271 1154 2310 si
1180 2272 1338 2311 volebat
1365 2284 1448 2309 eam
1477 2284 1555 2309 non

150 2337 224 2377 alio
253 2352 410 2379 movere
438 2340 554 2380 modo
584 2346 702 2394 atque
726 2339 803 2378 vim
834 2351 1002 2378 caecam.
1045 2337 1181 2378 Multis
1207 2344 1412 2391 praeterea
1438 2337 1556 2377 maxi-

150 2419 251 2444 mam
280 2405 425 2446 habere
454 2407 606 2447 videtur
635 2406 914 2454 difficultatem,
945 2405 1050 2458 quod
1070 2406 1300 2445 Aristoteles
1321 2406 1413 2445 dicit
1440 2405 1554 2444 deum

150 2485 308 2511 movere
349 2473 406 2512 rei
445 2474 666 2528 appetibilis
708 2479 745 2512 et
787 2472 1004 2525 cogitabilis
1044 2471 1217 2523 instar').
1273 2473 1416 2514 Putant
1452 2473 1553 2513 enim

241 2567 249 2584 ¹
286 2568 324 2598 L.
347 2569 371 2599 l.
394 2573 432 2600 41
445 2571 483 2601 A.

244 2568 267 2664 ρ))
291 2622 367 2654 Met.
382 2625 431 2664 A,
456 2607 484 2655 7]
510 2626 591 2657 10⁷2
607 2635 627 2656 a
643 2626 697 2656 24:
720 2625 834 2657 τοίνυν
855 2623 925 2657 ἔστι
946 2636 977 2657 τι
999 2622 1019 2657 ὃ
1041 2623 1080 2657 οὐ
1104 2622 1303 2668 κινούμενον
1326 2627 1420 2666 κινεῖ,
1442 2622 1556 2659 ἀΐδιον
