1837 3017
864 168 1091 208 —2-

375 273 565 315 Videmus
599 272 718 325 igitur
746 272 997 314 Aristotelem
1033 280 1219 329 quattuor
1254 290 1352 330 quas
1385 280 1517 332 posuit
1550 297 1688 324 causas

273 359 324 386 ex
369 344 456 398 ipsa
499 355 630 381 rerum
671 345 814 380 natura
855 354 1068 396 earumque
1111 341 1423 385 consideratione
1467 350 1685 402 repetiisse.

268 414 412 467 Neque
439 410 567 451 minus
595 408 635 447 id
664 413 829 462 apparet
856 422 905 448 ex
932 410 1290 464 metaphysicorum
1318 411 1407 452 libri
1434 415 1550 468 primi
1573 424 1686 471 parte

272 495 336 532 ea,
370 479 438 520 ubi
472 476 669 518 doctrinas
699 489 722 515 a
749 475 992 530 philosophis
1027 478 1240 532 superioris
1276 480 1416 521 aetatis
1455 484 1686 526 constitutas

268 548 398 589 tradit.
442 546 598 586 Profert
619 544 722 584 enim
746 543 883 583 eadem
911 559 1014 597 quae
1042 545 1119 585 iam
1138 546 1306 587 vidimus
1333 562 1465 590 rerum
1494 552 1686 606 principia

269 617 430 667 ineunte
459 612 590 666 capite
618 611 733 651 tertio
762 611 1122 664 metaphysicorum
1148 614 1238 654 libri
1267 615 1392 668 primi,
1420 616 1488 657 ubi
1515 617 1556 659 in
1582 620 1686 660 hunc

268 682 446 723 ordinem
480 685 571 720 sunt
605 679 781 718 redacta:
815 678 984 730 primum
1026 680 1081 719 ait
1116 695 1275 722 causam
1313 695 1400 722 esse
1426 683 1685 727 substantiam

268 756 308 790 et
341 749 543 789 notionem
578 745 896 796 substantialem,
936 744 1009 799 τῆν
1044 743 1190 789 οὐσίαν
1224 748 1292 790 καὶ
1325 748 1373 791 τὸ
1407 747 1450 792 τί
1481 746 1530 806 ἦν
1563 748 1683 804 εἶναι,

267 818 345 858 983
370 830 394 856 a
421 816 489 866 27,
525 812 666 854 deinde
700 812 904 852 materiam
940 819 979 853 et
1016 814 1276 868 substratum,
1311 816 1385 872 τῆν
1410 815 1509 872 ὕλην
1543 821 1612 862 καὶ
1636 821 1684 863 τὸ

265 881 547 934 ὑποκείμενον,
576 881 654 920 983
674 880 786 929 2129,
824 886 907 920 tum
945 881 984 920 id
1020 881 1125 923 unde
1159 890 1288 925 motus
1323 870 1541 938 exoriatur,
1583 886 1687 930 ὅθεν

261 948 286 1006 ἢ
319 948 417 1006 ἀρχὴ
447 952 519 1004 τῆς
547 945 754 1003 κινήσεως,
782 947 859 986 983
879 961 902 986 a
920 947 984 999 30,
1014 948 1185 1003 denique
1204 951 1243 991 id
1266 953 1375 993 cuius
1396 967 1516 995 causa
1535 954 1683 1010 aliquid

264 1021 335 1060 fiat
362 1025 402 1059 et
429 1019 592 1067 bonum,
629 1015 677 1057 τὸ
707 1008 756 1056 οὗ
784 1013 899 1056 ἕνεκα
927 1014 996 1056 καὶ
1021 1012 1221 1069 τάγαθόν,
1247 1019 1325 1060 983
1343 1034 1367 1060 a
1385 1021 1450 1061 31.
1506 1021 1597 1071 Qua
1626 1038 1684 1065 ra-

264 1088 371 1128 tione
406 1092 538 1126 autem
576 1084 627 1124 ad
668 1084 738 1123 has
775 1097 906 1123 rerum
948 1097 1087 1124 causas
1126 1086 1353 1126 statuendas
1393 1089 1682 1142 perveniamus,

264 1156 336 1196 etsi
365 1155 511 1194 diserte
539 1167 616 1193 non
646 1151 752 1202 dicit,
780 1158 915 1192 tamen
935 1152 1049 1192 exiis
1069 1167 1171 1206 quae
1196 1159 1414 1206 sequuntur
1442 1170 1682 1210 cognoscere

260 1223 364 1264 licet.
418 1222 523 1263 Nam
552 1219 797 1274 proferendis
827 1219 1002 1272 priorum
1038 1219 1360 1274 philosophorum
1387 1221 1574 1265 doctrinis
1602 1240 1680 1266 non

261 1291 378 1332 modo
407 1291 481 1331 hoc
512 1289 782 1329 demonstrare
817 1286 966 1338 studet,
1000 1287 1210 1329 constituta
1245 1302 1330 1329 esse
1364 1289 1462 1331 haec
1489 1292 1680 1347 principia

258 1359 337 1399 iam
372 1364 462 1399 ante
497 1371 539 1397 se
574 1372 597 1396 a
636 1354 878 1410 philosophis
916 1367 1046 1408 neque
1089 1355 1196 1395 aliud
1236 1363 1441 1410 praeterea
1475 1373 1680 1402 causarum

260 1440 386 1480 genus
421 1440 444 1464 a
485 1438 685 1478 quoquam
721 1436 808 1463 esse
843 1428 1062 1476 repertum,
1104 1436 1242 1463 verum
1278 1423 1397 1464 etiam
1438 1427 1543 1467 aliud
1585 1428 1679 1481 quid

259 1494 372 1534 inest.
428 1492 523 1534 Una
552 1491 656 1532 enim
686 1490 814 1540 docet,
843 1504 931 1530 cum
949 1489 1128 1530 homines
1147 1490 1482 1544 progrederentur
1499 1494 1540 1534 in
1559 1495 1679 1537 rebus

261 1560 556 1603 considerandis
599 1572 812 1612 earumque
849 1557 976 1597 causis
1010 1557 1313 1611 investigandis,
1361 1561 1455 1614 quin
1493 1568 1678 1615 quattuor

258 1631 358 1670 haec
388 1628 582 1683 principia
611 1631 888 1681 agnoscerent,
918 1624 1004 1664 fieri
1032 1625 1190 1666 omnino
1219 1641 1298 1667 non
1327 1627 1520 1682 potuisse,
1558 1636 1677 1686 atque
1731 1646 1738 1654 ¹

254 1697 342 1752 ipsa
377 1697 435 1737 rei
471 1702 612 1737 natura
647 1701 686 1735 et
720 1694 900 1744 veritate,
942 1693 1042 1732 haec
1075 1693 1269 1748 principia
1303 1701 1347 1734 ut
1382 1697 1675 1749 constituerent,

255 1766 509 1818 philosophos
538 1760 760 1817 superiores
790 1775 876 1801 esse
896 1767 1052 1801 coactos
1069 1761 1109 1814 ¹).
1147 1760 1265 1810 Quod
1292 1763 1424 1817 paullo
1456 1766 1674 1807 accuratius

254 1831 451 1886 inspicere
478 1831 566 1885 ipsa
594 1830 652 1870 rei
681 1828 875 1883 gravitate
902 1828 1029 1868 iuberi
1054 1828 1167 1868 nobis
1186 1829 1378 1870 videmur.
1430 1832 1564 1873 Primo
1593 1833 1675 1888 qui-

257 1900 346 1938 dem
380 1898 635 1951 philosophos
670 1896 784 1936 docet
820 1910 899 1936 non
933 1898 1111 1949 posuisse
1144 1910 1303 1938 causam
1330 1898 1404 1939 nisi
1432 1900 1672 1941 materialem

255 1967 419 2021 eiusque
457 1972 525 2005 aut
562 1978 682 2004 unum
719 1969 787 2003 aut
829 1962 1044 2018 compluria
1083 1977 1243 2017 genera.
1309 1964 1425 2015 Quod
1465 1973 1673 2021 postquam

251 2036 390 2088 paucis
420 2034 601 2087 exposuit
627 2032 874 2087 proferendis
903 2032 1068 2085 singulis
1088 2032 1334 2086 superiorum
1354 2033 1673 2089 philosophorum

251 2101 460 2152 doctrinis,
498 2102 625 2154 ipsam
663 2101 719 2141 rei
757 2106 937 2142 naturam
974 2100 1029 2141 ait
1064 2098 1140 2140 illis
1174 2100 1279 2140 viam
1312 2101 1526 2142 munivisse
1554 2109 1671 2157 atque

251 2170 441 2223 coegisse,
470 2176 513 2209 ut
541 2169 761 2209 accuratius
781 2169 820 2209 in
845 2183 909 2208 res
935 2169 1189 2223 inquirerent.
1229 2169 1335 2208 Nam
1364 2169 1515 2210 etiamsi
1544 2171 1670 2211 omnis

250 2244 359 2278 ortus
394 2244 513 2291 atque
547 2236 728 2277 interitus
766 2250 816 2277 ex
849 2251 927 2276 uno
962 2243 1029 2277 aut
1063 2251 1085 2278 e
1123 2236 1388 2290 compluribus
1424 2237 1490 2288 sit,
1522 2243 1667 2292 tamen,

249 2319 326 2357 quo
368 2305 581 2355 efficiatur,
625 2317 711 2343 esse
753 2304 1031 2356 quaerendum.
1086 2303 1252 2344 Minime
1286 2305 1390 2344 enim
1425 2305 1665 2346 substratum

248 2371 397 2426 ipsum,
427 2378 470 2412 ut
498 2377 727 2421 moveatur,
755 2371 885 2411 facere
913 2385 1049 2425 posse,
1083 2386 1177 2412 nam
1204 2386 1333 2426 neque
1359 2372 1509 2426 lignum
1536 2386 1666 2426 neque

337 2496 359 2535 ¹)
383 2497 458 2526 Met.
482 2496 522 2533 A,
553 2498 582 2526 3.
606 2497 704 2526 984a
724 2497 776 2527 18:
807 2492 997 2536 προϊόντων
1028 2492 1063 2526 δ’
1088 2491 1192 2530 οὕτως
1222 2493 1303 2528 αὐτὸ
1333 2493 1369 2527 τό
1402 2495 1546 2538 πρᾶγμα
1577 2491 1666 2527 sido-

246 2550 387 2589 ποίησεν
418 2547 532 2584 αὐτοῖς
563 2549 620 2580 καὶ
652 2545 886 2590 συνηνάγκασε
909 2550 1024 2589 ζητεῖν.
1071 2549 1222 2582 9841191
1252 2547 1354 2581 πάλιν
1384 2546 1445 2581 ὑπ’
1479 2546 1579 2589 αὐτῆς
1607 2548 1663 2589 τῆς

245 2600 421 2643 ἀληθείας,
450 2600 563 2644 ὥσπερ
592 2604 751 2645 εἴπομεν,
783 2599 1052 2645 ἀναγκαζόμενοι
1081 2602 1141 2644 τὴν
1171 2603 1335 2647 ἐχομένην
1363 2601 1522 2644 ἐζήτησαν
1545 2599 1660 2644 ἀρχήν.

243 2656 341 2698 Phys.
366 2657 392 2696 1,
416 2659 446 2688 5.
475 2660 533 2689 188
549 2657 570 2689 b
587 2659 638 2689 29.
