1837 3017
178 261 302 310 dicet,
340 261 515 300 maximo
549 273 668 314 opere
707 266 767 299 est
798 259 1029 298 verendum.
1084 260 1261 301 Primum
1295 260 1400 300 enim
1434 260 1597 301 nimium

180 329 353 382 positum
383 335 486 369 esset
512 329 553 369 in
584 329 762 378 materia,
792 342 881 368 cum
910 327 942 367 si
968 341 1044 367 non
1074 334 1281 381 appeteret
1299 328 1474 379 materia,
1502 328 1599 370 nihil

180 396 338 436 omnino
366 401 500 450 posset
528 395 731 436 exsistere.
773 395 1005 435 Tenendum
1031 401 1162 435 autem
1181 400 1243 435 est
1270 401 1444 436 creatam
1473 410 1497 436 a
1524 395 1598 437 deo

179 466 281 505 hanc
315 465 520 504 materiam
554 479 634 504 non
670 478 774 513 esse,
821 463 891 502 sed
930 477 1016 502 esse
1057 469 1256 503 aeternam
1291 464 1439 516 pariter
1478 470 1599 518 atque

183 532 300 571 deum
327 532 470 584 ipsum.
528 529 676 571 Creata
705 531 808 570 enim
836 530 868 569 si
896 536 1019 580 esset,
1056 530 1281 570 offensionis
1306 530 1374 572 ille
1401 531 1599 586 appetitus

185 600 348 637 haberet
375 598 484 637 nihil.
527 599 633 638 Nam
660 598 797 637 indere
825 598 921 637 deus
949 604 1106 649 poterat
1133 598 1323 637 materiae
1350 599 1456 637 illam
1484 612 1599 651 appe-

182 665 290 705 tendi
323 664 417 706 vim.
473 665 615 719 Itaque
649 670 851 705 aeternam
887 678 972 704 esse
1009 663 1212 704 materiam
1247 678 1335 705 cum
1363 664 1598 706 Aristoteles

181 738 345 782 statuat,
381 733 594 786 appetendi
622 733 786 772 verbum
814 732 846 771 si
873 733 1107 785 premimus,
1136 732 1326 771 habemus
1353 732 1598 773 harmoniam

184 800 287 839 inter
315 801 481 840 formam
511 807 550 840 et
577 801 780 840 materiam
816 799 1145 853 praestabilitam‚
1181 815 1282 853 quae
1310 806 1441 840 autem
1468 815 1547 841 non
1576 815 1600 839 a

186 867 259 907 deo
289 868 429 907 effecta
462 868 532 919 sit,
570 867 639 907 sed
677 873 806 908 exstet
844 882 948 907 casu.
1003 867 1139 907 Prima
1165 867 1284 921 igitur
1312 867 1485 908 omnium
1514 881 1600 908 cau-

184 949 314 974 sarum
349 941 451 974 esset
489 949 623 985 casus,
662 936 767 989 quod
805 941 995 988 quantum
1032 949 1054 974 a
1081 936 1234 975 ratione
1262 935 1502 975 Aristotelea
1535 935 1600 974 ab·

184 1003 355 1053 horreat,
383 1003 451 1043 vix
480 1003 585 1044 dicto
614 1018 712 1056 opus
742 1009 801 1043 est
817 1003 858 1055 ¹).
916 1002 996 1044 Sed
1036 1003 1188 1045 accedit
1223 1001 1329 1042 aliud
1358 1002 1464 1056 quid.
1519 1003 1602 1056 Ap-

184 1074 322 1121 petere
350 1070 454 1109 enim
482 1085 561 1109 non
589 1077 720 1122 potest
746 1070 821 1109 nisi
850 1070 954 1123 quod
983 1071 1103 1109 habet
1130 1070 1168 1108 in
1195 1082 1240 1108 se
1258 1069 1493 1122 principium
1524 1081 1601 1108 mo-

185 1136 321 1187 vendi,
357 1151 433 1190 quo
463 1139 626 1178 materia
656 1152 726 1192 per
765 1153 824 1189 se,
857 1139 890 1178 si
927 1139 1103 1192 sequeris
1131 1138 1406 1187 Aristotelem,
1439 1149 1600 1190 prorsus

185 1210 303 1242 caret.
360 1205 500 1258 Itaque
528 1206 605 1243 alia
632 1207 783 1245 ratione
817 1207 927 1246 locus
964 1206 1012 1245 de
1047 1220 1124 1259 quo
1160 1205 1311 1257 agimus
1343 1205 1600 1258 interpretan-

185 1271 256 1310 dus
300 1278 370 1311 est.
427 1274 487 1311 Ac
528 1273 641 1311 nobis
685 1274 843 1325 quidem
886 1275 1013 1313 inesse
1055 1273 1210 1312 videtur
1250 1272 1443 1312 sententia
1484 1273 1599 1311 haec:

186 1338 361 1378 Necesse
399 1345 458 1378 est
492 1345 560 1379 aut
592 1340 720 1379 forma
749 1339 799 1379 ad
825 1341 1027 1380 materiam
1064 1346 1131 1380 aut
1166 1339 1329 1379 materia
1357 1338 1407 1378 ad
1433 1339 1598 1379 formam

185 1420 226 1444 se
255 1407 525 1445 accommodet
552 1413 670 1460 atque
700 1408 928 1446 conformet.
985 1405 1064 1446 Sed
1098 1408 1225 1445 forma
1259 1406 1417 1459 quidem
1445 1406 1496 1445 ad
1523 1419 1601 1445 ma·

186 1476 326 1513 teriam
360 1473 648 1513 accommodari
684 1474 837 1527 nequit,
876 1475 1024 1527 quippe
1062 1487 1163 1528 quae
1196 1474 1272 1512 hac
1306 1474 1355 1513 sit
1390 1473 1529 1513 melior
1561 1478 1600 1513 et

186 1541 459 1596 praestantior,
486 1541 619 1594 itaque
647 1554 809 1581 necesse
828 1547 888 1581 est
905 1541 1069 1581 materia
1095 1539 1411 1581 accommodetur
1437 1540 1600 1589 formae,

187 1624 276 1649 cum
307 1623 353 1649 ea
379 1622 451 1662 per
479 1623 520 1649 se
548 1609 654 1649 omni
680 1610 806 1649 forma
833 1616 975 1649 careat.
1032 1609 1263 1650 conformat
1285 1615 1416 1648 autem
1435 1607 1600 1649 materia

185 1691 227 1715 se
255 1677 306 1715 ad
333 1676 462 1725 illam,
499 1691 587 1716 cum
629 1677 712 1716 eius
739 1683 924 1717 naturam
950 1682 1123 1730 appetat.
1177 1676 1368 1715 Attamen
1395 1675 1429 1715 is
1456 1676 1602 1729 appeti-

184 1750 246 1783 tus
274 1757 346 1797 per
373 1744 540 1783 formam
568 1744 692 1796 ipsam
720 1744 928 1795 excitatur,
957 1759 980 1783 a
1009 1759 1086 1797 qua
1104 1749 1232 1783 motus
1249 1757 1340 1797 quo,
1368 1748 1413 1782 ut
1436 1742 1601 1784 matoria

186 1817 372 1863 appetere
399 1810 544 1863 possit,
583 1824 680 1861 opus
719 1817 779 1849 est
807 1812 992 1850 exoritur.
1047 1811 1236 1850 Putamus
1263 1810 1365 1849 enim
1397 1822 1600 1863 apparere,

184 1878 346 1916 subesse
362 1877 421 1915 his
437 1876 654 1916 doctrinam
670 1877 960 1927 Aristoteleam‚
984 1878 1079 1916 nihil
1094 1878 1221 1930 ipsum
1241 1892 1281 1917 se
1301 1890 1457 1916 movere
1471 1890 1600 1930 posse,

187 1943 257 1983 sed
294 1943 487 1997 quidquid
525 1950 729 1984 moveatur
773 1945 877 1984 aliud
912 1944 1016 1998 quod
1052 1950 1209 1984 moveat
1245 1946 1456 1998 requirere.
1511 1945 1600 1994 Quo

188 2012 242 2060 fit,
272 2017 315 2050 ut
343 2010 384 2049 id
413 2010 517 2063 quod
545 2012 721 2051 ultimum
750 2019 882 2051 movet
908 2012 1037 2063 ipsum
1065 2011 1114 2050 sit
1141 2011 1357 2051 immotum.
1399 2014 1541 2067 Itaque
1559 2013 1600 2052 id

187 2078 293 2132 quod
322 2077 371 2118 ab
400 2092 447 2118 eo
476 2085 655 2119 movetur
682 2078 779 2119 illud
807 2078 968 2133 appetit,
998 2078 1068 2118 sed
1096 2078 1293 2132 appetitus
1305 2079 1395 2133 -ipse
1415 2085 1455 2120 et
1471 2086 1600 2121 motus

189 2148 255 2199 qui
283 2146 323 2185 in
352 2159 399 2185 eo
428 2146 603 2184 cernitur
636 2148 829 2186 excitatur
865 2147 914 2186 ab
950 2160 995 2185 eo
1033 2145 1138 2198 quod
1175 2152 1318 2185 movet.
1373 2147 1507 2200 Atque
1532 2147 1601 2186 tali

184 2214 300 2254 modo
330 2214 457 2254 forma
485 2218 619 2253 movet
646 2214 847 2254 materiam
863 2213 907 2266 ⁹).

294 2280 481 2319 Videmus
508 2281 630 2332 igitur
658 2287 841 2334 quattuor
868 2295 964 2334 quas
986 2279 1219 2319 Aristoteles
1238 2278 1333 2320 Met.
1354 2282 1402 2321 A.
1418 2281 1444 2321 3
1471 2281 1602 2335 posuit

277 2414 301 2454 ¹)
324 2414 422 2454 Phys.
446 2415 488 2453 11,
515 2416 543 2444 6.
568 2424 619 2446 ex.

277 2468 299 2505 ²)
322 2468 421 2508 Phys.
445 2468 487 2505 11,
513 2471 542 2499 7.
570 2470 630 2498 198
647 2477 667 2497 a
684 2469 740 2498 35:
765 2465 871 2498 διτταὶ
893 2466 931 2498 δὲ
955 2467 991 2498 αἱ
1014 2464 1117 2506 ἀρχαὶ
1140 2466 1176 2495 αἱ
1191 2467 1343 2498 κινοῦσαι
1367 2468 1530 2510 φυσικῶς,
1553 2459 1600 2499 ὧν

185 2518 203 2560 ἡ
227 2519 322 2561 ἑτέρα
346 2519 386 2552 οὐ
415 2518 559 2563 mummi·
592 2517 631 2552 οὐ
660 2518 726 2561 γὰρ
760 2518 825 2560 ἔχει
855 2517 1014 2560 κινήσεως
1045 2516 1152 2560 ἀρχὴν
1180 2518 1217 2552 ἐν
1252 2518 1344 2565 αὐτῇ.
1372 2522 1527 2554 τοιοῦτον
1559 2519 1597 2552 ‹5’

187 2573 275 2606 ἐστὶν
299 2576 331 2606 εἴ
350 2586 378 2606 τι
400 2577 487 2606 κινεῖ
505 2574 552 2617 μὴ
577 2571 792 2615 κινούμενον,
823 2571 936 2616 ὥσπερ
964 2571 1001 2605 τό
1030 2583 1064 2605 τε
1095 2574 1265 2610 παντελῶς
1295 2572 1454 2616 ἀκίνητον
1482 2575 1540 2607 καὶ
1561 2574 1598 2607 τὸ

187 2624 323 2659 πάντων
347 2629 481 2670 πρῶτον
505 2629 562 2659 καὶ
584 2626 621 2659 τὸ
646 2628 680 2658 τί
699 2625 767 2659 ἐστι
791 2629 848 2658 καὶ
870 2625 889 2668 ἡ
911 2624 1042 2671 μορφή.
