1837 3017
701 652 1039 713 Excursus
1082 653 1137 713 Ι.

313 811 606 866 Disputandum
641 812 755 853 nobis
790 819 849 853 est
885 813 934 854 de
967 813 1064 854 Met.
1099 814 1144 865 Z,
1184 815 1219 854 7.
1260 815 1359 856 1032
1385 816 1410 855 b
1439 816 1625 868 28seqq.:

208 881 331 920 τοῦτο
366 877 407 920 δ’
438 878 605 930 ἔσχατον
637 879 684 921 τὸ
714 880 884 930 ποιοῦν,
922 881 991 922 καὶ
1026 881 1073 922 τὸ
1108 880 1240 931 οὕτως
1276 883 1400 936 μέρος
1433 881 1521 923 ἐστὶ
1555 884 1627 936 τῆς

208 945 365 1001 ὗγιείας
392 947 462 989 καὶ
487 950 560 1001 τῆς
586 945 739 996 οἰκίας,
779 943 868 989 οἷον
896 947 937 989 οἱ
965 947 1104 999 λίθοι,
1140 950 1210 991 καὶ
1235 953 1316 990 τῶν
1343 947 1492 991 ἄλλων.
1522 948 1627 991 ὥστε

209 1013 404 1068 καθάπερ
432 1015 611 1068 λέγεται,
646 1012 847 1057 ἀδύνατον
881 1017 1078 1070 γενέσθαι
1112 1015 1149 1058 εἰ
1181 1018 1317 1071 μηθὲν
1350 1014 1625 1071 προϋπάρχοι.

209 1082 273 1124 ὅτι
305 1083 381 1134 μὲν
416 1079 488 1125 οὖν
519 1098 560 1123 τι
592 1082 717 1137 μέρος
749 1083 795 1132 ἐξ
825 1081 1000 1139 ἀνάγκης
1035 1082 1228 1138 ὑπάρξει,
1264 1083 1462 1140 φανερόν·
1494 1082 1517 1140 ἡ
1548 1085 1624 1139 γὰρ

208 1149 283 1204 ῧλη
308 1151 444 1204 μέρος·
473 1148 690 1205 ἐνυπάρχει
717 1152 792 1206 γὰρ
820 1153 890 1193 καὶ
916 1151 1095 1206 γίγνεται
1122 1152 1234 1206 αὕτη.
1275 1154 1339 1193 Ne
1358 1154 1477 1194 simus
1504 1154 1624 1207 longi,

208 1228 305 1260 sana
331 1219 454 1260 verba
482 1233 568 1259 esse
597 1219 709 1260 nobis
739 1220 922 1261 videntur
949 1234 1074 1275 usque
1102 1221 1170 1261 ad:
1198 1220 1266 1261 καὶ
1283 1220 1330 1262 τὸ
1351 1218 1479 1270 οὕτως
1499 1221 1623 1275 μέρος

208 1288 295 1328 ἐστὶ
319 1290 391 1341 τῆς
418 1285 590 1338 ὑγιείας,
620 1293 738 1340 atque
766 1288 813 1326 iis
841 1289 1078 1327 sententiam
1106 1289 1374 1328 subiciendam
1402 1303 1488 1328 esse
1512 1296 1623 1342 puta-

207 1371 292 1396 mus
320 1356 439 1395 hanc:
476 1356 551 1395 hoc
579 1355 757 1396 ultimum
787 1361 920 1396 autem
948 1361 1007 1396 est
1034 1355 1075 1395 id
1103 1355 1209 1409 quod
1238 1356 1378 1407 efficit,
1416 1357 1498 1396 scil.
1524 1357 1623 1396 sani·

205 1429 347 1472 tatem,
382 1428 422 1461 et
457 1422 562 1475 quod
595 1423 650 1461 ita
683 1437 726 1462 se
760 1423 898 1473 habet,
933 1424 1017 1463 scil.
1052 1431 1096 1463 ut
1129 1423 1337 1463 sanitatem
1372 1423 1519 1463 efficiat
1556 1423 1620 1476 (τὸ

205 1487 344 1538 οὕτως,
373 1491 422 1530 cf.
450 1490 638 1530 formulas
664 1488 712 1530 τὸ
739 1492 885 1539 καλῶς,
913 1490 962 1531 τὸ
981 1494 1125 1540 κακῶς,
1150 1489 1198 1531 τὸ
1218 1485 1293 1542 εὖ),
1323 1505 1415 1543 pars
1443 1490 1622 1531 sanitatis

205 1564 276 1598 est.
332 1557 445 1606 Quae
472 1558 505 1597 si
533 1571 628 1597 vera
654 1564 763 1607 sunt,
794 1564 971 1611 praestat
1007 1559 1184 1612 recipere
1211 1558 1447 1611 scripturam
1476 1557 1621 1597 codicis

205 1624 284 1665 Ab:
311 1626 433 1665 τοῦτο
462 1621 502 1665 δ’
533 1621 701 1676 ἔσχατόν
728 1624 814 1666 ἐστι
842 1625 889 1667 τὸ
918 1627 1083 1667 ποιοῦν.
1137 1626 1272 1680 Atque
1308 1625 1475 1665 fortasse
1504 1625 1622 1667 etiam

204 1694 242 1733 in
271 1693 465 1733 sententia
492 1694 674 1746 sequenti
702 1707 803 1746 quae
831 1694 871 1733 in
899 1693 956 1733 Ab
986 1700 1026 1733 et
1052 1694 1114 1733 Hb
1143 1693 1344 1732 codicibus
1371 1693 1623 1745 reperiuntur

204 1760 444 1814 reliquorum
486 1762 705 1812 scripturae
747 1760 1007 1814 praeferenda
1049 1766 1151 1800 sunt.
1223 1759 1390 1811 Legitur
1430 1760 1535 1799 enim
1578 1760 1619 1800 in

205 1833 390 1880 utroquo:
425 1828 493 1868 καὶ
528 1827 575 1868 τὸ
605 1825 737 1876 οὕτως
764 1827 850 1868 ἐστὶ
876 1827 923 1868 τὸ
949 1827 1074 1881 μέρος
1099 1829 1171 1881 τῆς
1196 1823 1369 1879 ὑγιείας,
1407 1826 1462 1865 ita
1494 1833 1538 1866 ut
1570 1826 1618 1868 τὸ

202 1894 327 1948 μέρος
361 1896 412 1936 sit
448 1896 688 1936 subiectum:
730 1901 849 1949 atque
888 1909 981 1949 pars
1016 1895 1192 1935 sanitatis
1227 1901 1287 1934 est
1319 1894 1358 1933 id
1404 1894 1510 1947 quod
1544 1895 1617 1934 hoc

204 1962 320 2003 modo
349 1977 391 2003 se
418 1963 549 2014 habet,
579 1964 661 2004 scil.
681 1969 726 2004 ut
744 1963 953 2003 sanitatem
973 1963 1130 2003 efficiat.
1174 1963 1260 2003 Iam
1281 1961 1495 2016 quaeritur,
1525 1962 1619 2016 quid

204 2031 256 2071 sit
281 2031 378 2071 illud
405 2032 598 2083 ultimum,
626 2034 748 2073 τοῦτο
768 2028 808 2072 δ’
831 2029 1009 2082 ἔσχατον.
1051 2031 1235 2071 Profecto
1254 2030 1295 2070 id
1316 2030 1420 2084 quod
1439 2031 1617 2071 ultimum

202 2105 263 2139 est
276 2099 525 2152 cogitationis
540 2100 725 2154 quodque
740 2100 898 2140 efficere
914 2106 973 2139 est
987 2113 1109 2153 penes
1123 2098 1334 2148 medicum,
1351 2099 1400 2138 cf.
1421 2099 1519 2137 1032
1534 2098 1559 2138 b
1574 2099 1616 2138 8:

203 2166 272 2207 καὶ
299 2165 428 2216 οὕτως
456 2164 522 2208 ἀεὶ
549 2171 643 2216 νοεῖ,
672 2167 748 2216 ἕως
776 2164 826 2207 ἂν
852 2163 986 2221 ἀγάγῃ
1014 2164 1072 2214 εἷς
1097 2168 1219 2207 τοῦτο
1249 2162 1272 2207 ὃ
1292 2163 1417 2213 αὐτὸς
1444 2162 1617 2206 δύναται

203 2234 372 2286 ἔσχατον
407 2239 553 2276 ποιεῖν.
590 2237 612 2275 b
638 2238 699 2275 16:
738 2232 760 2289 ἢ
788 2235 864 2285 μὲν
890 2232 978 2276 ἀπὸ
1014 2237 1086 2288 τῆς
1113 2232 1237 2289 ἀρχῆς
1272 2235 1341 2277 καὶ
1371 2235 1444 2274 τοῦ
1480 2231 1616 2283 εἴδους

202 2301 353 2358 νόησις,
380 2300 405 2358 ἡ
434 2300 474 2343 δ’
496 2301 582 2344 ἀπὸ
608 2305 682 2344 τοῦ
708 2291 943 2344 τεῖευταίου
969 2304 1041 2358 τῆς
1068 2300 1246 2358 νοήσεως
1272 2302 1450 2357 ποίησις.
1497 2302 1617 2343 Calor

203 2374 269 2426 qui
304 2379 364 2413 est
397 2373 436 2413 in
474 2386 658 2424 corpore,
692 2373 870 2412 ultimum
906 2379 990 2412 erat
1024 2372 1270 2425 cogitationis
1279 2402 1290 2421 ‚
1325 2386 1412 2411 cum
1441 2372 1615 2411 medicus

202 2439 398 2494 quomodo
438 2439 542 2479 bona
583 2438 766 2480 valetudo
806 2438 1049 2479 restituenda
1082 2444 1186 2479 esset
1224 2453 1356 2479 secum
1390 2437 1614 2490 reputabat,

202 2515 320 2562 atque
361 2507 483 2549 efficit
526 2507 759 2557 sanitatem,
802 2521 890 2547 cum
931 2507 1015 2546 eius
1054 2521 1145 2559 pars
1183 2506 1242 2546 sit.
1300 2506 1412 2554 Quae
1452 2520 1616 2560 prorsus

203 2576 341 2616 eadem
368 2575 563 2615 sententia
597 2575 741 2628 legitur
769 2575 820 2626 Z,
847 2575 885 2614 9.
919 2575 1151 2615 1034a25:
1184 2573 1230 2614 τὸ
1264 2573 1339 2627 γάρ
1374 2571 1509 2615 αἴτιον
1542 2577 1616 2616 τοῦ

203 2646 339 2685 ποιεῖν
365 2645 528 2697 πρῶτον
555 2640 658 2684 καθ’
689 2639 789 2684 αὑτὸ
816 2641 953 2697 μέρος.
982 2640 1188 2697 θερμότης
1213 2641 1291 2696 γὰρ
1319 2639 1342 2697 ἢ
1373 2640 1416 2685 ἐν
1433 2645 1482 2698 τῇ
1502 2641 1616 2699 κινή-
