1837 3017
794 172 1073 211 —107—

216 280 334 315 antea
369 274 473 316 dicta
509 281 600 316 sunt
634 272 895 329 explicantur,
937 275 1022 315 sive
1056 275 1102 316 iis
1136 275 1366 329 adiungitur
1401 275 1638 329 exemplum,

218 350 429 397 utrumque
457 344 559 384 enini
588 344 662 383 hac
679 344 850 383 formula·
867 344 1122 396 significatur,
1151 344 1354 384 varietatis
1374 342 1482 383 notio
1502 343 1639 382 abesse

215 424 294 450 non
322 417 462 465 potest.
502 411 607 451 Nam
637 425 725 451 cum
753 417 870 451 antea
898 411 1043 451 dixerit
1069 412 1321 465 philosophus
1349 411 1501 451 variam
1520 410 1639 449 rebus

168 515 181 521 -
216 492 304 518 cum
336 478 521 518 universo
554 478 806 518 intercedere
840 478 1032 518 rationem
1067 480 1214 532 pariter
1248 485 1368 533 atque
1402 479 1441 518 in
1475 477 1638 526 familia,

216 545 256 584 in
285 544 333 583 iis
360 545 504 598 quibus
532 546 607 585 hoc
635 546 804 597 exponit.
823 558 1053 585 enumerare
1073 559 1150 585 non
1177 553 1318 599 potest,
1347 559 1450 600 quae
1469 558 1640 585 commu-

216 612 319 651 niter
354 614 486 652 omnia
519 612 568 652 ad
605 612 832 652 universum
861 612 1099 652 servandum
1129 615 1345 652 conferant.
1400 614 1545 665 Neque
1572 612 1640 650 illa

217 678 428 732 explicatio
463 679 657 734 probatur
695 678 744 718 iis
784 692 885 732 quae
919 679 1150 729 Aristoteles
1192 680 1347 720 disserit
1386 679 1434 720 de
1470 678 1637 729 ratione,

217 759 319 799 quae
361 746 463 787 inter
507 747 647 795 domus
692 746 776 786 sive
812 746 985 786 familiae
1024 754 1156 800 partes
1195 748 1368 800 singulas
1405 747 1637 787 intercedat.

215 814 308 854 Non
336 814 439 854 enim
468 813 569 854 dixit
596 827 734 854 omnes
762 814 801 854 in
829 815 978 855 familia
997 815 1129 855 valere
1158 814 1304 869 aliquid
1334 820 1384 855 ad
1411 820 1537 854 totum
1557 813 1637 853 effi-

218 881 399 921 ciendum
440 882 505 921 vel
548 881 847 934 complendum,
893 883 962 921 sed
1005 883 1090 921 aliis
1130 883 1245 921 aliam
1290 897 1378 922 cum
1423 888 1505 921 toto
1549 894 1636 921 esse

218 948 432 1000 rationem,
468 949 524 989 ita
552 954 595 989 ut
622 948 687 989 alii
724 947 847 989 artius
875 963 963 990 cum
991 954 1073 989 toto
1104 948 1244 990 conexi
1271 949 1366 1000 sint,
1401 948 1529 990 laxius
1556 947 1635 989 alii.

218 1017 322 1056 Tum
352 1017 549 1069 quomodo
578 1013 869 1067 διακρίνεσθαι
896 1016 1017 1055 verbo
1046 1016 1257 1068 significari
1286 1022 1433 1068 potest:
1467 1016 1636 1054 alterum

217 1083 310 1124 oriri
336 1097 386 1124 ex
414 1083 567 1124 altero?
601 1082 785 1137 Denique
813 1083 921 1123 nullo
951 1083 1067 1124 modo
1096 1081 1260 1124 ἅπαντα
1287 1085 1436 1124 referre
1464 1083 1558 1123 licet
1585 1082 1635 1123 ad

216 1151 318 1189 selas
345 1165 408 1189 res
437 1151 634 1199 mortales,
664 1164 751 1189 cum
780 1150 1034 1204 philosophus
1055 1150 1178 1189 verba
1204 1151 1322 1189 faciat
1342 1150 1390 1189 de
1409 1150 1483 1189 hac
1502 1162 1635 1188 rerum

217 1217 505 1258 universitates
542 1218 669 1266 Quam
697 1218 747 1257 ob
776 1232 934 1258 causam
961 1218 1038 1257 iam
1066 1219 1294 1258 Alexander
1313 1216 1635 1270 Aphrodisiensis

217 1284 320 1324 hanc
348 1284 652 1337 explicationem
681 1285 804 1325 reicit.

320 1351 500 1391 Eandem
536 1352 618 1391 fere
653 1358 773 1404 atque
802 1351 1021 1399 Alexandri
1050 1353 1236 1404 magister
1265 1349 1486 1402 διακρίνειν
1515 1350 1636 1389 verbo

215 1416 415 1458 notionem
453 1417 596 1459 subicit
631 1418 834 1460 Bonitzius
870 1425 990 1474 atque
1033 1419 1312 1460 sententiarum
1347 1416 1636 1459 cohaerentiam

215 1486 351 1525 statuit
377 1486 433 1525 illi
460 1492 567 1525 certe
596 1486 729 1538 aliqua
757 1500 807 1525 ex
834 1493 948 1539 parte
976 1487 1153 1526 similem.
1203 1487 1373 1538 „Omnia
1401 1487 1540 1534 enim‚“
1572 1485 1637 1533 ait,

220 1566 333 1605 „cum
373 1552 555 1593 omnibus
592 1553 805 1593 cohaerent
839 1559 879 1593 et
913 1553 963 1594 ad
999 1568 1120 1594 unum
1161 1553 1339 1594 tendunt.
1395 1554 1482 1593 Iam
1517 1551 1640 1592 veluti

216 1619 256 1660 in
293 1620 453 1661 civitate
486 1634 565 1660 non
601 1620 740 1660 eadem
778 1627 839 1661 est
871 1620 1046 1661 omnium
1083 1621 1295 1661 auctoritas
1335 1635 1463 1674 neque
1498 1620 1639 1660 iisdem

215 1686 370 1740 legibus
413 1701 548 1728 omnes
589 1693 680 1726 sunt
722 1686 921 1737 adstricti,
963 1689 1032 1729 sed
1075 1688 1199 1728 maior
1239 1687 1452 1728 auctoritas
1493 1688 1637 1728 civium

217 1753 452 1805 liberorum,
487 1756 614 1795 minor
642 1769 687 1794 ac
716 1769 840 1808 prope
866 1757 976 1796 nulla
1003 1766 1224 1805 servorum,
1263 1770 1309 1795 ac
1343 1762 1555 1808 propterea
1581 1757 1637 1795 illi

217 1821 311 1875 quid
345 1822 396 1861 ad
433 1822 633 1862 civitatem
670 1823 849 1862 conferre
885 1823 1055 1863 debeant
1089 1823 1379 1863 accuratissime
1407 1829 1468 1862 cst
1496 1813 1638 1862 descri-

217 1894 341 1943 ptum,
369 1890 512 1931 horum
536 1889 691 1931 libidini
718 1889 930 1943 plurimum
957 1891 1214 1945 permittitur:
1244 1891 1380 1932 eadem
1401 1890 1482 1931 fere
1501 1890 1636 1930 mundi

217 1963 277 1996 est
310 1957 425 1997 ratio.
481 1958 562 1997 Pro
598 1972 669 1998 sua.
702 1957 875 2011 quidque
911 1965 1054 1999 natura
1081 1973 1192 1999 suam
1223 1959 1271 1998 ad
1300 1957 1472 1997 universi
1500 1957 1635 1998 mundi

216 2023 393 2065 ordinem
428 2027 582 2066 confert
626 2030 802 2079 p'artem3
843 2026 913 2066 sed
959 2027 1169 2080 plurimum
1214 2028 1419 2067 conferunt
1451 2032 1636 2066 aeternae

217 2090 392 2133 siderum
426 2093 688 2142 substantiae,
731 2093 801 2132 has
843 2093 946 2133 enim
981 2093 1137 2134 videtur
1182 2093 1364 2147 ingenuis
1405 2106 1635 2146 comparare

215 2160 387 2211 civibus,
430 2155 672 2214 quapropter
715 2160 912 2199 artissima
953 2161 1043 2213 lege
1077 2175 1213 2201 eorum
1247 2163 1328 2201 vita
1364 2167 1403 2201 et
1436 2160 1537 2200 actio
1573 2160 1637 2200 de·

216 2226 362 2281 scripta
389 2234 468 2280 est3
495 2227 641 2281 exigua
669 2228 877 2268 conferunt
898 2241 969 2268 eae
997 2241 1072 2279 res,
1103 2242 1204 2283 quae
1231 2229 1330 2268 fiunt
1358 2234 1397 2268 et
1423 2228 1634 2277 intereunt,

217 2294 403 2335 animalia
430 2296 589 2349 plantae
616 2296 782 2348 reliqua,
810 2310 888 2348 qua
917 2295 965 2335 de
994 2311 1112 2336 causa
1138 2296 1306 2350 plurima
1329 2296 1368 2335 in
1388 2295 1435 2334 iis
1454 2297 1636 2335 fortunae

218 2367 258 2402 et
284 2363 392 2403 casui
421 2369 635 2417 potuerunt
662 2363 849 2419 permitti.
905 2362 1009 2405 Sunt
1036 2370 1167 2404 tamen
1197 2362 1401 2417 quaedam,
1431 2377 1534 2416 quae
1561 2363 1635 2402 hae

218 2429 337 2469 etiam
364 2443 429 2470 res
457 2431 508 2470 ad
536 2431 885 2473 consummandum
914 2431 1104 2471 mundum
1132 2431 1358 2479 conferunt,
1392 2430 1515 2470 veluti
1542 2430 1636 2469 altc-

211 2489 298 2537 ‘rius
325 2498 530 2550 generatio
560 2513 611 2539 ex
638 2500 797 2541 alterius
825 2498 984 2539 interitu
1013 2493 1120 2551 (οἷον
1148 2496 1207 2547 εἷς
1235 2514 1279 2551 γε
1297 2497 1343 2539 τὸ
1365 2499 1636 2552 διακριθῆναι

217 2565 300 2603 κτλ.
330 2579 354 2604 a
371 2565 441 2617 23)
470 2566 625 2620 aliaque
654 2560 759 2620 quae'
792 2565 1051 2606 communiter
1087 2567 1217 2606 omnia
1245 2567 1453 2606 conferunt
1480 2566 1530 2606 ad
1558 2580 1637 2606 ser-

217 2632 390 2674 vandum
419 2633 555 2675 mundi
574 2633 790 2675 ordinem.“
835 2633 1075 2676 Omittamus
1105 2634 1210 2687 quod
1241 2634 1359 2675 homo
1385 2634 1636 2676 doctissimus
