1837 3017
769 192 819 199 -
876 154 1050 209 106.-

196 271 265 312 καὶ
300 268 397 325 ἡμῖν
429 273 565 314 πολλοὶ
600 270 829 327 ἀγνοεῖται,
871 275 976 327 πρὸς
1009 272 1101 323 ἓνὸς
1135 271 1292 324 κόσμου
1328 274 1622 330 συμπλήρωσιν

196 339 264 380 καὶ
294 337 557 394 ἀπαρτισμὸν
583 341 652 382 καὶ
678 342 726 383 τὸ
755 343 881 385 καλὸν
909 340 1036 384 αὐτοῦ
1071 343 1140 384 καὶ
1173 339 1340 397 ι’ίριοτον
1367 342 1437 384 καὶ
1463 339 1524 386 εὖ.
1553 344 1622 386 καὶ

195 405 286 449 τίνα
314 407 402 450 ἐστὶ
427 408 478 449 τὰ
506 409 804 463 συντεταγμένα
838 409 944 464 πρὸς
978 409 1050 465 τήν
1084 413 1158 452 τοῦ
1186 408 1285 452 ὅλου
1312 409 1620 466 συμπλήρωσιν,

196 476 428 530 καταλέγει,
471 476 601 530 πτηνοὶ
641 477 787 519 πλωτὰ
827 478 936 532 φυτὰ
970 478 1040 519 καὶ
1072 478 1124 519 τὰ
1161 475 1304 519 λοιπά.
1350 475 1444 519 ἀλλ’
1482 477 1520 520 εἶ
1551 479 1622 521 καὶ

197 540 333 583 πάντα
370 541 536 592 πόντιος
569 546 768 593 συντελεῖ,
805 542 899 586 ἀλλ’
931 543 1005 596 οὐχ
1033 543 1188 596 ὁμοίως
1222 544 1404 594 ἅπαντα,
1436 543 1544 587 ἀλλὰ
1569 546 1622 587 τὰ

193 609 268 660 μὲν
293 611 453 660 μᾶλλον
487 611 539 652 τοὶ
572 613 620 654 δὲ
654 607 785 666 ἧττον.
820 612 1026 654 τουτέστιν
1053 610 1077 666 ἢ
1108 611 1233 667 φύσις
1261 613 1330 654 καὶ
1356 610 1379 667 ἡ
1410 610 1511 668 dext}
1540 615 1621 655 τῶν

195 674 254 725 εἰς
278 677 352 731 τήν
377 681 453 719 τοῦ
482 677 582 719 ὅλου
611 677 738 733 φύσιν
766 677 1064 721 συντεινόντων,
1094 677 1232 721 καὶού
1255 680 1365 733 λέγει
1392 681 1488 734 περὶ
1516 679 1621 722 πάν-

194 741 444 794 τωνᾶπλῶς
472 749 552 795 νῦν,
591 746 698 789 ἀλλὰ
726 749 819 802 περὶ
844 750 924 788 τῶν
952 745 996 789 ἒν
1022 748 1178 801 γενέσει
1206 743 1334 788 ὄντων
1361 748 1431 789 καὶ
1459 751 1619 804 φθορᾷ.

194 809 216 866 ἡ
247 808 374 867 φύσις
402 809 476 855 οὖν
505 814 574 855 καὶ
601 812 701 870 ἀρχῆ
729 813 884 856 τούτων
919 812 1090 870 τοιαύτη
1127 815 1310 870 [Recedit
1346 816 1409 856 hie
1437 830 1462 856 a
1489 816 1620 856 verbis

194 881 421 922 Aristotelis
456 897 558 935 quae
595 884 635 922 in
673 884 874 924 codicibus
902 885 1154 937 reperiuntur
1180 891 1300 937 atque
1327 884 1621 937 interpretatur,

195 948 308 1001 quasi
334 948 493 1002 legerit:
521 947 688 1004 τοιαύτη
716 950 791 1005 γὰρ
820 948 993 992 ἑκάστου
1021 947 1045 1006 ἡ
1075 947 1174 1005 ἀρχὴ
1204 947 1338 991 αὐτῶν
1363 947 1474 1006 καὶῆ
1496 948 1622 1006 φύσις

194 1013 314 1053 ἐστίν.
357 1015 438 1054 Sed
459 1017 497 1056 id
518 1018 669 1057 levitati
699 1033 784 1058 esse
812 1020 1064 1058 tribuendum
1092 1020 1258 1067 videtur,
1289 1033 1367 1070 qua
1393 1019 1622 1070 interpretis

194 1096 357 1123 munere
384 1083 542 1125 functus
573 1083 661 1140 estJ,
697 1084 766 1127 καὶ
794 1082 981 1140 ποδαπή,
1011 1082 1172 1136 ἐπάγει,
1207 1084 1340 1139 ,,λε’γω
1369 1081 1411 1126 δ’
1442 1078 1532 1126 οἷον
1559 1082 1621 1134 εἴς

194 1164 237 1200 γε
265 1149 312 1189 τὸ
341 1152 613 1204 διακριθῆναι
641 1151 793 1206 ἀνάγκη
828 1153 987 1193 ἅπασιν
1023 1153 1202 1202 ἐλθεῖν,“
1231 1153 1440 1193 τουτέστιν
1468 1149 1620 1203 ἀνάγκη

194 1215 330 1259 ἅπασι
356 1220 442 1266 τοῖς
461 1217 504 1260 ἐν
522 1219 677 1272 γενέσει
706 1221 821 1274 (περὶ
839 1220 915 1274 γὰρ
932 1218 1088 1261 τούτων
1106 1222 1187 1269 νῦν,
1217 1217 1273 1269 ὡς
1292 1217 1464 1274 εἴρηται,
1494 1217 1618 1272 λέγει)

194 1284 334 1325 ἐλθεῖν
362 1284 420 1333 εἷς
446 1286 494 1325 τὸ
524 1287 812 1341 διακριθῆναι,
842 1284 937 1341 ἤτοι
965 1283 1067 1327 ἄλλο
1097 1287 1143 1335 ἐξ
1168 1283 1296 1327 ὄῖλλου
1323 1286 1530 1339 γενέσθαι.
1560 1283 1619 1334 εἷς

193 1354 315 1393 τοῦτο
343 1353 419 1407 γὰρ
448 1352 695 1408 συνῆλθενὴ
718 1353 842 1408 φύσις
858 1358 939 1396 τῶν
968 1354 1010 1396 ἐν
1029 1352 1203 1407 Δγενέσει,
1231 1354 1301 1395 καὶ
1328 1356 1450 1395 τοῦτο
1479 1351 1619 1402 αὐτοῖς

193 1417 342 1470 κοινόν,
376 1420 423 1462 τὸ
451 1419 645 1474 γίνεσθαι
680 1420 817 1464 πάντα
845 1422 887 1464 ἐκ
915 1419 1092 1471 πάντων,
1128 1421 1172 1464 ἐκ
1199 1419 1411 1473 στοιχείων
1437 1418 1618 1463 σύνθετα

192 1489 262 1529 καὶ
294 1488 337 1529 ἐκ
372 1491 585 1531 συνθέτων
620 1495 803 1540 στοιχεῖα
837 1487 964 1531 ἄλλον
999 1489 1169 1544 τρόπον.
1206 1489 1310 1531 ὥστε
1349 1487 1538 1543 δηλονότι
1564 1489 1616 1529 τὰ

194 1555 236 1597 ἐν
269 1555 427 1610 γενέσει
460 1555 624 1600 ἅπαντα
657 1557 796 1600 κοινὸν
830 1555 990 1609 ἔχουσιν
1031 1557 1078 1599 τὸ
1113 1557 1158 1608 ἐξ
1189 1555 1378 1611 ἀλλήλων
1411 1555 1616 1611 γίνεσθαι.

195 1622 324 1665 εἰπών
352 1626 399 1666 δὲ
419 1624 484 1666 ὅτι
502 1626 553 1666 τὰ
573 1624 619 1676 ἐξ
636 1623 837 1680 ἀλλήλων,
864 1623 1012 1678 ἐπάγει
1040 1626 1136 1674 „nal
1163 1622 1472 1674 ὅλλα-ὅλον,“
1499 1639 1615 1666 τουτ-

189 1692 301 1734 έστιν
339 1689 388 1734 οὕ
420 1691 547 1744 μόνον
581 1694 684 1735 κατὰ
727 1693 774 1734 τὸ
815 1691 1009 1747 γίνεσθαι
1042 1692 1088 1743 ἐξ
1119 1690 1307 1747 ἀλλήλων
1339 1696 1526 1735 κοινωνεῖ
1559 1691 1617 1742 εἰς

191 1760 488 1815 συμπλήρωσιν
522 1765 595 1802 τοῦ
624 1762 742 1810 ὅλου,
778 1759 884 1804 ἀλλὰ
912 1763 981 1803 καὶ
1015 1763 1119 1803 κατὰ
1146 1760 1198 1802 τὰ
1226 1757 1354 1809 ἄλλα,
1390 1755 1479 1802 οἷον
1510 1758 1615 1814 χρώ-

188 1846 317 1880 ματα,
355 1827 562 1882 σχήματα,
597 1830 776 1883 μεγέθη,
814 1833 944 1870 ταῦτα
985 1829 1060 1884 γὰρ
1089 1826 1225 1870 πάντα
1253 1829 1435 1870 συντελεῖ
1460 1826 1518 1877 εἷς
1542 1828 1616 1882 τὴν

193 1900 266 1939 τοῦ
294 1895 394 1939 ὅλου
423 1895 562 1952 φύσιν.
593 1895 714 1941 οὐδὲν
741 1897 817 1952 γὰρ
847 1895 1049 1951 αἰσθητὸν
1073 1896 1195 1952 χωρὶς
1211 1897 1416 1952 μεγέθους
1434 1896 1502 1939 καὶ
1520 1894 1616 1952 σχή-

190 1963 322 2016 ματός
349 1963 469 2007 ἐστιν.
519 1967 603 2006 Iam
633 1980 733 2020 quae
763 1966 971 2019 quominus
1000 1966 1103 2005 hanc
1130 1966 1365 2005 sententiam
1406 1966 1617 2019 probemus

190 2035 352 2075 obstare
388 2034 585 2085 videntur,
623 2035 803 2089 proferre
839 2034 968 2073 liceat.
1025 2034 1087 2073 Ac
1113 2035 1284 2087 primum
1313 2033 1473 2088 quidem
1500 2034 1616 2075 inter-

189 2116 280 2157 pres
315 2102 382 2142 ille
418 2101 611 2155 explicat,
646 2102 759 2155 quasi
788 2101 1022 2142 Aristoteles
1057 2114 1135 2140 non
1175 2100 1336 2140 dixerit:
1369 2099 1505 2142 πάντα
1538 2101 1614 2155 γὰρ

190 2170 456 2211 συντέτακται
485 2169 590 2223 πρὸς
617 2169 671 2219 ἓν,
701 2171 787 2209 sed:
827 2166 963 2210 πάντα
991 2169 1224 2223 συμπληροῖ
1248 2168 1296 2210 τὸ
1326 2168 1436 2210 ὅλον.
1492 2169 1615 2210 Cuius

188 2239 410 2280 sententiae
438 2237 597 2278 omnino
627 2237 723 2277 nihil
751 2237 853 2278 inest
879 2237 918 2277 in
948 2237 1079 2278 verbis
1105 2238 1342 2292 philosophi,
1371 2251 1500 2292 neque
1528 2251 1615 2278 eam

187 2307 279 2347 inde
307 2307 451 2347 ducere
480 2319 701 2358 possumne,
735 2320 822 2346 cum
854 2307 1089 2346 Aristoteles
1117 2306 1167 2345 de
1196 2305 1332 2346 ordine
1361 2306 1508 2356 mundi,
1535 2321 1613 2347 non

189 2374 238 2414 de
266 2372 501 2428 complendo
531 2387 578 2413 eo
608 2372 731 2413 verba
758 2373 889 2414 faciat.
937 2374 1093 2415 Deinde
1113 2372 1332 2413 Alexandri
1360 2373 1548 2427 magister
1574 2374 1615 2415 in

189 2441 434 2496 exponendis
470 2441 619 2481 verbis:
654 2440 758 2493 λέγω
788 2438 827 2481 δ’
858 2436 948 2482 οἷον
979 2449 1017 2481 et
1045 2454 1148 2495 quae
1181 2447 1411 2493 sequuntur,
1439 2442 1616 2495 neglegit

188 2516 306 2550 antea
334 2509 482 2550 dictum
511 2523 614 2550 esse:
644 2505 737 2549 ἀλλ’
759 2506 831 2560 οὐχ
850 2506 1005 2561 ὁμοίως
1033 2516 1152 2563 atque
1179 2509 1473 2563 interpretatur,
1502 2509 1614 2563 quasi

189 2577 285 2616 nihil
313 2577 523 2616 antecedat
550 2577 644 2616 nisi:
680 2576 785 2630 πρὸς
817 2575 861 2617 ἓν
888 2577 963 2630 yde
992 2575 1157 2617 ἅπαντα
1185 2575 1460 2617 συντέτακται.
1517 2576 1614 2617 Sive

190 2644 293 2684 enim
334 2645 542 2685 enunciato
583 2646 688 2700 quod
725 2645 828 2700 λέγω
864 2643 904 2687 δ’
942 2641 1032 2688 οἷον
1075 2644 1207 2686 verbis
1249 2644 1388 2698 incipit
1426 2658 1474 2684 ea
1510 2659 1611 2698 quae
