1837 3017
400 854 923 917 commentationis
957 851 1280 929 dispositio.

162 1062 194 1104 1)
218 1063 311 1103 Quae
330 1065 396 1096 sint
418 1074 522 1095 rernm
544 1072 661 1095 causae
683 1064 725 1094 ab
748 1064 921 1095 Aristotele
943 1064 1138 1094 constitutae
1161 1064 1204 1103 (p.
1225 1065 1266 1104 1).

161 1118 194 1159 2)
220 1119 309 1151 Unde
331 1119 405 1151 illas
427 1119 556 1160 petierit
578 1121 621 1160 (p.
640 1118 747 1161 2-3).

162 1174 194 1211 3)
217 1165 424 1203 Proferuntur
444 1176 484 1203 'et
512 1174 737 1203 examinantur
766 1178 954 1214 argumenta
981 1171 1101 1212 quibus
1131 1175 1167 1201 ut
1195 1180 1324 1201 causam
1352 1170 1478 1200 finalem
1510 1171 1542 1199 in

217 1236 327 1263 rerum·
343 1229 459 1257 natura
480 1225 713 1267 agnoscendam
736 1236 807 1257 esse
828 1224 1057 1257 demonstraret
1079 1234 1157 1256 usus
1178 1229 1227 1255 est
1250 1224 1291 1265 (p.
1310 1223 1416 1265 3-8).

160 1279 195 1318 4)
217 1278 276 1309 Rei
291 1269 392 1309 'finem
414 1281 570 1310 contineri
594 1289 688 1319 opere
710 1279 913 1320 exsequendo
935 1280 979 1319 (p.
995 1280 1102 1316 8-9).
1153 1285 1154 1288 ’

159 1331 192 1370 5)
216 1330 306 1373 Opus
321 1332 558 1373 exsequendum
573 1334 767 1365 constituere
782 1334 828 1364 rei
843 1338 1000 1370 naturam,
1024 1333 1071 1363 ita
1090 1335 1126 1362 ut
1141 1340 1240 1362 eausa
1253 1329 1396 1362 formalis
1412 1340 1429 1361 e
1445 1338 1544 1361 eausa

217 1385 306 1416 finali
328 1386 462 1425 pendeat
485 1387 529 1426 (p.
547 1387 676 1426 9-12).

161 1436 193 1475 ϋ)
217 1437 431 1477 Cogitationis
453 1442 591 1479 primum
614 1449 684 1470 esse
707 1440 857 1470 ultimum
879 1444 969 1469 ortus
993 1440 1036 1478 (p.
1055 1438 1201 1476 12-14).

161 1489 192 1528 7)
217 1489 354 1521 Causam
377 1484 506 1523 finalem
520 1495 598 1523 'esse
621 1493 815 1532 principium
838 1492 990 1523 motionis
1008 1492 1050 1531 (p.
1070 1491 1217 1529 15—16).

161 1543 193 1580 8)
218 1542 376 1580 Quattuor
407 1555 578 1576 causarum
616 1546 699 1576 inter
731 1555 765 1576 se
798 1544 1000 1576 necessitudo
1028 1544 1249 1576 consideratur
1277 1545 1400 1575 ratione
1433 1543 1544 1576 habita

216 1596 292 1629 Met.
308 1597 344 1635 Z,
370 1600 387 1628 7
410 1599 452 1638 (p.
474 1598 619 1637 16—18).

161 1648 193 1687 9)
217 1649 266 1679 De
287 1651 435 1682 materiae
457 1651 543 1692 apud
562 1652 768 1682 Aristotelem
790 1657 905 1683 natura
927 1653 969 1692 (p.
989 1653 1137 1689 18—20).

144 1702 193 1740 10)
217 1703 386 1734 Confertur
407 1705 438 1734 ei
462 1706 594 1736 materia
616 1706 778 1743 doetrinae
799 1706 984 1737 Platonicae
1007 1709 1050 1745 (p.
1067 1706 1218 1743 20-21).

143 1754 194 1793 ll)
218 1755 365 1785 Formam
388 1757 551 1787 immotam
573 1768 700 1789 movere
723 1759 888 1789 materiam
911 1760 953 1799 (p.
971 1758 1120 1796 21—22).

142 1807 193 1845 12)
216 1808 353 1842 Causam
386 1811 581 1841 materialem
614 1812 819 1843 Aristotelem
853 1822 871 1842 e
904 1821 1003 1843 eausa
1019 1848 1021 1851 .
1035 1811 1125 1842 finali
1158 1811 1273 1841 ducere
1308 1820 1369 1841 non
1398 1810 1542 1850 potuisse

216 1861 259 1900 (p.
277 1863 425 1900 23-24).

143 1913 193 1952 13)
215 1913 325 1954 Neque
346 1916 450 1956 magis
466 1915 631 1948 Platonem
654 1916 796 1949 voluisse
817 1917 981 1949 materiam
996 1916 1153 1957 originem
1176 1915 1293 1947 habere
1308 1926 1327 1947 a
1342 1915 1401 1947 deo
1417 1916 1461 1957 (p.
1479 1914 1543 1956 24).

142 1967 192 2005 14)
216 1968 352 1998 Causam
375 1969 502 1999 finalem
525 1970 647 2001 efficere
669 1972 717 2001 rei
738 1973 893 2001 unitatem
916 1973 958 2010 (p.
975 1972 1124 2008 25—26).

140 2019 192 2058 15)
215 2016 368 2061 Coi-poris¹
391 2026 496 2062 partes
523 2022 670 2064 singulas
698 2024 899 2065 singularum
926 2027 957 2054 et
985 2032 1094 2054 omnes
1120 2023 1264 2053 omnium
1286 2022 1409 2053 ratione
1432 2021 1542 2052 habita

215 2076 374 2113 procreari
396 2076 438 2115 (p.
457 2075 520 2115 27).

140 2126 195 2164 16)
218 2126 335 2157 Totum
357 2128 503 2167 partibus
525 2139 595 2160 esse
617 2131 706 2170 prius
731 2130 775 2170 (p.
793 2130 856 2168 28).

141 2179 191 2217 17)
215 2180 324 2211 Partes
340 2182 498 2213 inferioris
513 2183 632 2223 gradus
648 2185 768 2215 servire
779 2184 1066 2225 praestantioribus
1078 2183 1319 2225 potioribusque
1332 2183 1375 2223 (p.
1389 2184 1540 2221 28-30).

141 2233 194 2272 18)
216 2233 305 2264 Idem
327 2237 413 2265 eerni
436 2236 470 2266 in
492 2246 596 2268 rerum
618 2238 812 2269 naturalium
835 2237 1004 2268 ordinibus
1026 2242 1058 2268 et
1079 2238 1113 2268 in
1136 2238 1204 2268 vita
1226 2237 1392 2267 hominum
1414 2237 1456 2277 (p.
1474 2237 1540 2275 30).

141 2287 192 2332 152)
215 2287 412 2319 Hominibus
435 2289 592 2321 ineundas
614 2300 684 2322 esse
705 2292 873 2322 societates
896 2292 940 2332 (p.
958 2292 1108 2330 30-34).

139 2339 194 2378 20)
218 2340 330 2370 Finem
353 2340 474 2372 bonum
497 2343 628 2383 aliquod
649 2353 719 2374 esse
741 2345 785 2383 (p.
802 2344 952 2383 34—36).

137 2393 191 2433 21)
214 2393 350 2425 Naturae
373 2404 483 2426 omnes
505 2401 652 2437 appetere
674 2401 779 2428 aetum
801 2397 902 2428 vitam
924 2398 1143 2428 aeternitatem
1167 2397 1209 2437 (p.
1225 2397 1377 2436 36—37).

138 2448 193 2485 22)
216 2448 313 2478 Fines
335 2448 501 2480 hominnm
523 2460 594 2482 esse
615 2451 733 2482 multos
755 2451 891 2491 ideoque
912 2453 1008 2483 etiam
1029 2452 1115 2483 bona
1136 2452 1238 2482 multa
1260 2452 1307 2492 (p.
1323 2451 1386 2489 38).

138 2503 191 2541 23)
214 2501 278 2540 Qui
300 2502 375 2533 finis
397 2507 429 2534 et
450 2504 536 2544 qnod
558 2504 678 2536 bonum
701 2505 842 2536 hominis
865 2506 1030 2546 proprium
1052 2506 1096 2537 sit
1118 2506 1160 2546 (p.
1178 2505 1331 2544 38—39).

137 2555 191 2596 24)
214 2556 389 2589 Societates
426 2568 508 2598 quae
545 2559 611 2590 sint
647 2559 821 2591 secundum
858 2563 1005 2591 naturam
1041 2561 1076 2591 in
1112 2560 1269 2593 bonorum
1304 2569 1435 2591 numero
1471 2570 1543 2592 esse

213 2610 376 2656 habendas
399 2612 440 2652 (p.
458 2613 525 2656 40).
