1837 3017
721 156 873 204 -13
930 187 973 193 -

142 269 386 312 substantiae
414 283 532 311 causa
559 276 635 322 est,
673 269 833 310 minime
860 282 953 310 vero
982 268 1202 309 substantio.
1229 273 1337 308 ortus
1365 270 1491 323 gratia
1507 272 1549 324 ι).

143 337 189 380 Si
214 337 334 392 igitur
353 337 491 379 domus
511 337 718 379 efficienda
737 342 797 377 est
815 337 879 378 vel
898 336 1004 377 aliud
1022 336 1128 390 quid,
1155 336 1239 377 fieri
1266 342 1385 391 atque
1403 340 1553 379 moveri

142 418 303 446 necesse
331 412 391 447 est
417 406 586 461 primum
614 407 701 457 hoc,
730 405 871 446 deinde
898 404 992 445 illud
1013 410 1130 466 atque
1151 405 1225 445 hac
1244 405 1395 445 ratione
1424 408 1553 447 omnia

144 473 349 528 deinceps,
377 474 503 515 donec
529 474 586 514 rei
614 474 740 514 forma
768 487 814 513 ac
842 471 1062 513 substantia
1089 472 1263 525 perfecta
1291 479 1351 513 est
1363 473 1409 526 ¹).
1466 474 1553 515 Iam

143 548 323 595 apparet,
357 557 457 596 quae
491 542 589 582 ratio
624 542 775 581 formae
811 546 850 579 et
885 539 1033 579 notioni
1069 553 1157 579 cum
1192 546 1280 580 ortu
1307 541 1553 596 singulisque

145 609 227 650 eius
254 610 441 663 gradibus
468 608 698 650 intercedat.
754 606 874 648 Notio
902 606 1003 646 enim
1041 613 1079 646 et
1106 608 1230 648 forma
1258 615 1343 648 erat
1368 610 1551 663 primum,

145 683 281 717 contra
308 684 436 718 ortum
463 678 494 717 si
523 683 745 730 spectamus
774 681 833 716 est
861 675 1055 726 ultimum3
1083 689 1172 715 nam
1201 682 1281 716 tum
1311 677 1467 718 demum
1495 679 1552 719 rei

145 744 361 784 substantia
380 744 556 798 perfecta
575 750 645 793 est,
667 758 755 784 cum
776 748 883 782 ortus
901 742 1046 795 gradus
1066 742 1233 782 absoluti
1254 750 1344 783 sunt
1363 758 1496 785 omnes
1507 747 1549 798 ⁸).

145 809 261 858 Quod
280 817 324 851 ut
343 811 467 863 tnagis
486 816 688 863 appareat,
709 810 905 862 fingamus
923 808 1117 849 medicum
1138 810 1204 862 qui
1223 810 1369 849 homini
1389 819 1550 864 aegroto

144 876 294 918 mederi
320 878 415 927 vult,
444 879 481 917 h.
499 892 532 918 e.
562 877 627 930 qui
655 876 695 916 in
724 889 887 929 corpore
913 876 1017 915 illius
1044 876 1200 916 efficere
1221 877 1305 916 vult
1333 878 1551 919 sanitatem.

145 944 302 985 sanitas
328 944 449 998 igitur
477 945 511 985 ei
539 944 628 984 finis
657 949 716 983 est
743 949 862 996 atque
895 942 1151 997 propositum.
1206 933 1322 985 Haec*
1351 951 1481 986 autem
1510 953 1553 986 ut

146 1013 328 1063 exsistat,
364 1012 468 1053 aliud
503 1013 596 1066 quid
631 1018 747 1051 antea
781 1011 851 1050 fiat
887 1024 1049 1050 necesse
1078 1018 1156 1062 est,
1195 1012 1314 1051 veluti
1342 1014 1444 1054 iusta
1472 1029 1551 1054 cor-

144 1080 250 1134 poris
285 1081 513 1134 temperies3
550 1081 648 1120 haec
684 1085 812 1120 autem
847 1085 890 1119 ut
924 1078 1132 1129 efficiatur,
1169 1094 1266 1133 opus
1307 1088 1365 1120 est
1408 1082 1549 1122 calore.

146 1150 181 1189 A
212 1148 387 1189 sanitatis
414 1148 533 1202 igitur
560 1149 718 1188 notione
744 1146 936 1200 incipiens
964 1145 1136 1187 medicus
1165 1161 1297 1188 secum
1325 1156 1479 1202 reputat
1506 1165 1551 1190 ac

147 1215 358 1263 deliberat,
394 1215 517 1254 donec
553 1215 735 1268 pervenit
768 1215 817 1253 ad
850 1214 890 1252 id
929 1214 1032 1267 quod
1067 1215 1149 1267 ipse
1176 1215 1365 1267 perficere
1393 1217 1551 1269 valet‘).

146 1282 278 1322 Veluti
308 1281 474 1324 calorem
509 1281 664 1321 efficere
698 1286 827 1334 potest
861 1280 1060 1332 frictione,
1097 1282 1214 1321 fricat
1251 1281 1370 1334 igitur
1398 1298 1551 1337 corpus,

146 1364 223 1402 quo
261 1349 411 1389 exsistit
450 1349 575 1400 calor3
615 1349 648 1387 is
691 1354 823 1387 autem
857 1348 1027 1387 restituit
1066 1349 1208 1388 iustam
1249 1350 1423 1403 corporis
1459 1356 1553 1390 tem-

146 1417 315 1471 periem,
349 1429 449 1469 quae
482 1416 609 1456 bonae
643 1414 877 1455 valetudinis
912 1421 972 1455 est
999 1429 1127 1455 causa.
1182 1414 1250 1456 Sic
1278 1415 1383 1470 quod
1412 1416 1553 1470 cogita—

145 1484 261 1523 tionis
289 1484 417 1522 fuorat
443 1483 635 1535 primum,
664 1482 842 1521 ultimum
862 1488 922 1521 est
941 1489 1070 1533 ortus,
1100 1483 1140 1523 id
1167 1482 1274 1535 quod
1302 1497 1352 1522 ex
1371 1484 1557 1537 primaria

147 1557 187 1591 et
220 1550 359 1591 intima
391 1549 479 1589 finis
510 1555 653 1589 natura
689 1548 954 1603 consequitur.
1009 1549 1150 1604 Neque
1184 1550 1418 1590 Aristoteles
1455 1551 1557 1591 hanc

147 1618 395 1669 cogitationis
424 1623 463 1655 et
489 1623 596 1655 ortus
628 1617 868 1668 effectusque
887 1617 1170 1668 oppositionem
1199 1631 1277 1656 non
1305 1618 1500 1657 intellexit
1511 1619 1555 1671 ⁵).

146 1684 293 1738 Itaque
315 1683 446 1724 dicere
473 1683 566 1723 licet
593 1683 800 1723 sanitatem
824 1682 910 1722 fieri
929 1695 950 1721 e
970 1682 1146 1734 sanitate,
1176 1698 1263 1724 cum
1292 1684 1437 1725 sanitas
1467 1700 1555 1725 eum

147 1752 311 1792 materia
337 1751 544 1791 coniuncta
571 1750 734 1797 exsistat
754 1765 774 1790 e
794 1752 960 1790 sanitate
979 1764 1079 1803 quae
1098 1752 1261 1790 'materia
1289 1760 1405 1791 caret.
1451 1753 1555 1792 Nam

147 1825 336 1873 concepta
363 1824 446 1859 erat
474 1817 618 1858 sanitas
647 1824 777 1858 mente
805 1817 944 1858 medici
973 1825 1090 1872 atque
1118 1804 1181 1858 {irs
1208 1818 1360 1859 medica
1387 1818 1473 1873 ipsa
1500 1834 1556 1860 sa—

145 1886 277 1927 nitatis
305 1887 411 1926 notio
439 1893 499 1925 est
512 1887 554 1936 ⁶).

238 1993 261 2034 1)
284 1993 321 2024 L.
344 1993 365 2025 1.
389 2003 409 2024 a
435 1995 483 2024 is.
806 2020 811 2024 .

234 2048 259 2087 ¹)
280 2047 379 2088 Phys.
402 2047 445 2085 11,
469 2048 497 2079 8.
526 2049 584 2079 199
599 2057 618 2078 a
634 2049 667 2078 8:
693 2046 741 2078 ἔτι
756 2045 793 2079 ἐν
808 2043 899 2081 ὅσοις
921 2047 1014 2081 τέλος
1035 2045 1108 2077 ἔστί
1123 2058 1164 2084 τι,
1186 2044 1307 2078 τούτου
1331 2045 1428 2079 ἕνεκα
1453 2045 1557 2089 πράτ-

143 2111 233 2133 τεται
254 2097 291 2132 τὸ
315 2097 480 2143 πρότερον
503 2101 560 2131 καὶ
575 2098 610 2132 τὰ
629 2099 757 2143 ἐφεξῆς.
790 2101 839 2131 De
860 2105 939 2141 part.
963 2111 1014 2131 an.
1037 2100 1063 2139 1,
1091 2103 1118 2130 1.
1142 2102 1204 2132 640
1221 2111 1241 2132 s.
1259 2103 1316 2133 15:
1336 2101 1468 2144 μᾶλλον
1489 2101 1556 2143 γὰρ

145 2152 224 2186 τάδε
247 2156 425 2196 συμβαίνει
447 2155 505 2185 καὶ
527 2155 605 2197 περὶ
625 2153 685 2194 τὴν
707 2151 946 2196 οἰκοδόμησιν,
977 2153 1050 2185 ἐπεὶ
1077 2151 1209 2186 τοιόνδ’
1241 2154 1312 2186 ἐστὶ
1333 2152 1370 2186 τὸ
1394 2153 1481 2190 εἶδος
1502 2156 1557 2195 τῆς

146 2208 264 2245 οἰκίας,
286 2205 306 2246 ἢ
328 2204 457 2239 τοιόνδ’
483 2207 574 2240 ἐστὶν
599 2205 736 2247 ἡοῖκία,
759 2204 811 2238 ὅτι
831 2209 957 2248 γίνεται
981 2204 1094 2241 οὕτως.
1117 2207 1144 2246 Ι,
1170 2211 1197 2238 1.
1222 2210 1284 2239 639
1300 2208 1321 2239 b
1339 2211 1388 2239 26.
1412 2211 1474 2240 640
1490 2209 1510 2240 b
1531 2213 1557 2240 1.

186 2265 189 2268 ’
234 2259 259 2298 ³)
282 2260 381 2301 Phys.
405 2261 492 2300 VIII,
518 2264 546 2291 7.
572 2263 630 2293 261
649 2272 668 2293 a
685 2264 739 2293 13:
763 2258 847 2295 ὅλως
868 2258 907 2291 δὲ
928 2262 1087 2301 φαίνεται
1108 2260 1145 2293 τὸ
1167 2259 1353 2303 γινόμενον
1369 2259 1480 2297 ἀτελὲς
1501 2264 1557 2294 καὶ

145 2312 197 2345 ἐπ’
222 2312 330 2355 ἀρχὴν
353 2311 418 2354 ῖόν,
441 2311 523 2346 ὥστε
547 2313 583 2346 τὸ
608 2316 647 2358 τῇ
670 2316 797 2356 γενέσει
823 2311 961 2356 ὕστερον
983 2314 1023 2358 τῇ
1046 2311 1146 2357 φύσει
1170 2311 1336 2358 πρότερον
1359 2313 1453 2348 εἶναι.

235 2366 261 2406 ⁴)
284 2367 359 2400 Met.
383 2368 419 2406 Z,
444 2370 472 2402 7.
500 2371 581 2401 1032
598 2369 619 2401 b
636 2372 732 2409 6sqq.

236 2420 260 2458 ⁵)
283 2421 358 2452 Met.
382 2422 418 2458 Z,
444 2424 474 2450 7.
500 2424 580 2452 1032
597 2422 618 2452 b
638 2424 690 2452 15:
714 2421 779 2452 τῶν
802 2418 840 2450 δὲ
861 2421 1027 2460 γενέσεων
1051 2422 1109 2452 καὶ
1130 2419 1292 2461 κινήσεων
1316 2419 1334 2460 ἡ
1356 2421 1422 2464 μὲν
1444 2418 1557 2460 νόησις

147 2474 295 2508 καλεῖται
316 2469 335 2515 ἡ
359 2471 397 2506 δὲ
421 2475 570 2516 ποίησις,
598 2471 618 2515 ἡ
640 2473 706 2518 μὲν
728 2471 795 2506 ἀπὸ
824 2473 880 2514 τῆς
901 2471 1005 2518 ἀρχῆς
1027 2476 1084 2508 καὶ
1111 2474 1172 2508 τοῦ
1193 2473 1303 2512 εἴδους
1324 2473 1448 2516 νόησις,
1477 2473 1496 2515 ἡ
1520 2472 1554 2506 δ’

147 2527 215 2561 ἀπὸ
238 2529 298 2561 τοῦ
320 2528 509 2560 τελευταίου
531 2529 587 2568 τῆς
608 2526 753 2568 νοήσεως
776 2529 921 2567 ποίησις.
954 2530 1029 2561 Eth.
1047 2530 1128 2561 Eud.
1145 2530 1188 2568 11,
1214 2532 1262 2560 11.
1289 2532 1368 2560 1227
1385 2529 1406 2561 b
1424 2531 1479 2561 32:
1502 2528 1558 2569 τῆς

146 2581 212 2626 μὲν
235 2577 298 2616 οὖν
319 2579 464 2622 νοήσεως
486 2579 572 2624 ἀρχὴ
596 2581 632 2615 τό
656 2583 759 2623 τέλος,
782 2580 838 2622 τῆς
859 2579 898 2614 δὲ
920 2580 1073 2625 πράξεως
1094 2581 1112 2625 ἡ
1135 2583 1190 2625 τῆς
1211 2580 1355 2624 νοήσεως
1376 2581 1515 2625 τελευτή.

236 2637 260 2678 ⁶)
283 2638 357 2672 Met.
381 2637 417 2678 Z,
442 2640 470 2671 7.
500 2633 581 2669 1'032
598 2637 618 2670 b
639 2641 693 2669 11:
725 2635 807 2670 ὥστε
839 2639 1014 2681 συμβαίνει
1045 2636 1173 2682 τρόπον
1195 2636 1268 2672 τινὰ
1292 2638 1327 2676 ἐξ
1349 2636 1477 2682 ὑγιείας
1499 2638 1558 2681 τὴν
