1837 3017
771 142 1051 184 -·101-

201 252 343 303 Neque
373 239 499 289 minus
528 257 578 287 ex
605 248 666 287 his
693 253 870 300 apparet,
900 247 1095 300 quomodo
1123 261 1277 288 summa
1304 247 1369 285 illa
1397 245 1496 295 idea,
1526 245 1613 284 dieo

199 316 480 365 ideamboni,
516 313 699 370 quamvis
732 315 1013 355 transcendens
1055 314 1104 354 sit
1144 321 1184 355 et
1217 320 1371 354 constet
1405 326 1477 367 per
1517 327 1614 363 sese,

200 391 331 424 tamen
370 383 449 423 vim
483 384 628 422 habeat
659 381 700 419 in
734 382 870 420 morali
907 382 1107 421 hominum
1135 381 1226 421 vita.
1281 382 1344 420 Ita
1372 381 1477 419 enim
1504 393 1614 418 mens

199 452 370 490 humana
407 465 432 489 a
465 448 626 490 numine
667 446 800 487 divino
841 447 1019 488 instituta
1059 454 1131 501 est,
1173 455 1216 488 ut
1257 448 1384 487 ideam
1427 446 1533 485 illam
1576 451 1615 484 et

197 530 437 571 cognoscere
471 522 511 555 et
543 513 758 554 secundum
804 527 890 554 eam
928 529 1047 568 agere
1091 514 1224 568 possit.
1278 515 1420 567 Itaque
1455 526 1506 552 ne
1541 512 1615 551 hoc

199 584 357 639 quidem
386 590 493 625 reete
521 597 563 623 se
592 582 729 631 habet,
766 581 896 622 ideam
930 582 1022 623 boni
1054 582 1150 622 nihil
1179 582 1228 622 ad
1262 582 1391 621 ethica
1423 580 1615 630 conferre,

197 652 289 705 quia
316 666 445 705 neque
473 650 636 690 actionis
664 663 792 703 neque
821 650 1079 702 possessionis
1098 650 1294 690 obiectum
1322 662 1407 687 esse
1432 648 1557 702 possit
1570 648 1614 697 ¹).

197 719 267 761 Sic
304 719 493 760 facillime
527 717 761 759 refelluntur
795 730 896 771 quae
932 717 982 757 ab
1012 717 1226 758 Aristotele
1262 716 1443 756 dicuntur
1480 721 1616 756 contra

197 786 441 839 magistrum.
498 786 579 825 Sed
607 786 700 824 tolle
729 785 768 823 in
797 785 976 824 doctrina
1002 785 1208 824 Platonica
1246 784 1379 832 deum,
1415 789 1453 821 et
1481 783 1612 821 statim

196 855 294 894 ideis
323 854 433 894 deest
461 866 581 892 causa
609 852 782 892 efficiens
811 858 931 906 atque
959 853 1085 892 inanis
1106 859 1165 892 est
1192 851 1423 904 metaphora
1449 864 1512 890 res
1531 865 1615 891 sen-

197 923 286 961 siles
330 921 567 975 participare
607 919 717 959 ideas
761 933 890 972 neque
933 919 1100 973 amplius
1137 919 1227 958 idea
1268 918 1443 957 continet
1483 931 1613 956 rerum

195 989 313 1029 finem
350 994 418 1027 aut
451 986 540 1026 idea
575 986 667 1026 boni
697 987 911 1040 quidquam
944 986 993 1026 ad
1021 986 1186 1026 moralia
1215 986 1339 1035 valet,
1377 999 1466 1024 cum
1494 984 1612 1024 rebus

195 1056 444 1095 sensibilibus
472 1069 559 1094 cum
588 1054 685 1093 ideis
715 1055 963 1094 necessitudo
992 1056 1193 1094 auferatur
1221 1053 1359 1093 omnis.

300 1121 414 1171 Quod
460 1127 589 1161 autem
631 1121 864 1161 Aristoteles
912 1121 974 1161 dei
1017 1121 1120 1174 apud
1164 1120 1372 1160 Platonem
1418 1119 1608 1159 rationem

194 1190 339 1228 habeat
366 1203 526 1242 prorsus
554 1189 713 1238 nullam,
744 1202 902 1227 causam
927 1189 1013 1241 quis
1043 1188 1203 1227 credere
1233 1189 1356 1239 possit
1384 1188 1495 1225 sitam
1527 1201 1612 1225 esse

195 1257 234 1296 in
276 1270 322 1297 eo
360 1256 464 1310 quod
503 1256 616 1296 Plato
652 1257 691 1295 in
727 1255 890 1296 Timaeo
929 1256 991 1296 dei
1031 1262 1212 1296 naturam
1246 1269 1324 1295 non
1364 1254 1404 1294 in
1450 1253 1608 1294 modum

196 1323 424 1377 disciplinae
451 1322 708 1376 philosophae
737 1330 912 1377 exponat
939 1330 1059 1377 atque
1086 1323 1295 1372 describat,
1323 1323 1392 1361 sed
1421 1322 1611 1375 depingat

195 1405 285 1431 eum
314 1391 472 1430 humani
502 1390 660 1430 artificis
688 1390 823 1440 instar,
852 1391 908 1430 ita
936 1398 979 1430 ut
1006 1391 1132 1442 magis
1162 1391 1357 1443 mythicae
1377 1390 1609 1429 narrationis

194 1471 310 1511 quam
346 1457 546 1496 doctrinae
581 1456 837 1510 philosophae
875 1456 936 1495 sit.
994 1456 1074 1496 Sed
1110 1459 1178 1496 vix
1213 1457 1287 1496 hoc
1318 1456 1610 1497 concedendum

193 1538 278 1565 esse
307 1531 508 1578 putamus,
548 1539 637 1564 cum
671 1523 789 1564 etiam
824 1523 863 1563 in
901 1524 986 1563 aliis
1015 1523 1198 1577 dialogis,
1238 1525 1303 1564 ubi
1342 1525 1408 1564 illa
1443 1525 1612 1579 suspicio

193 1594 323 1632 locum
350 1591 497 1630 habere
534 1605 695 1644 prorsus
730 1591 884 1644 nequit,
920 1592 1034 1630 Plato
1064 1598 1102 1631 et
1128 1593 1168 1631 in
1198 1592 1424 1632 universum
1453 1606 1612 1632 causam

195 1660 431 1699 efficientem
468 1664 613 1698 statuat
650 1663 689 1698 et
723 1658 861 1698 doceat
894 1673 1085 1699 summam
1129 1674 1285 1700 causam
1325 1674 1411 1701 esse
1440 1659 1610 1712 deum²).

283 1814 304 1851 ')
328 1813 401 1846 Eth.
425 1814 495 1845 Nic.
518 1815 544 1853 1,
569 1817 599 1846 4.
626 1813 744 1845 1096b
762 1814 817 1845 32:
849 1810 973 1856 ὁμοίως
1003 1812 1040 1845 δὲ
1070 1815 1126 1845 καὶ
1158 1815 1234 1856 περὶ
1265 1814 1318 1854 τῆς
1347 1813 1453 1849 ἰδέας·
1485 1815 1513 1845 εἰ
1542 1813 1608 1855 γὰρ

192 1867 250 1896 καὶ
272 1866 362 1898 ἔστιν
385 1866 420 1898 ἓν
443 1878 473 1897 τι,
495 1865 531 1897 τὸ
556 1866 652 1908 κοινῇ
675 1864 971 1908 κατηγορούμενον
994 1866 1130 1908 ἀγαθὸν
1147 1864 1347 1907 ἢχωριστόν
1369 1878 1398 1897 τι
1422 1864 1503 1897 αὐτὸ
1522 1866 1606 1897 καθ’

193 1916 287 1959 αὑτό,
311 1918 415 1958 δῆλον
439 1915 481 1955 ὠς
505 1915 566 1950 οὑκ
589 1914 631 1951 ἂν
655 1920 704 1959 εἴη
727 1917 879 1961 πρακτὸν
903 1919 984 1953 οὐδὲ
1007 1919 1125 1961 κτητὸν
1148 1917 1330 1963 ἀνθρώπῳ.

285 1975 307 2011 ²)
331 1974 457 2005 Phileb.
483 1974 572 2004 2613:
601 1971 699 2004 Ἀλλὰ
730 1971 771 2011 δὴ
804 1973 888 2014 πρὸς
915 1976 1002 2015 τρισὶ
1030 1972 1186 2014 τέταρτόν
1213 1985 1243 2004 τι
1265 1973 1337 2005 τότε
1367 1976 1500 2016 ἔφαμεν
1523 1975 1606 2006 εἶναι

193 2028 291 2068 γένος
314 2027 486 2058 σκεπτέον.
510 2023 605 2065 κοινὴ
629 2024 662 2056 δ’
689 2023 707 2066 ἡ
731 2027 861 2067 σκέψις·
885 2024 948 2069 ὅρα
970 2024 1049 2068 γάρ,
1073 2028 1105 2058 εἴ
1125 2036 1178 2057 σοι
1202 2026 1298 2059 δοκεῖ
1320 2025 1507 2070 ἀναγκαῖον
1523 2026 1608 2059 εἶναι

194 2078 304 2112 πάντα
334 2080 373 2111 ιὰ
405 2078 591 2123 γιγνόμενα
624 2077 681 2111 διά
709 2091 783 2113 τινα
814 2083 924 2113 αἰτίαν
946 2084 1136 2123 γίγνεσθαι.
1184 2084 1274 2113 2713:
1302 2080 1348 2113 Τό
1372 2082 1410 2113 δὲ
1433 2080 1474 2121 δὴ
1497 2080 1607 2113 πάντα

194 2135 300 2165 ταῦτα
323 2134 555 2176 δημιουργοῦν
578 2134 730 2176 λέγωμεν
752 2135 919 2175 τέταρτον,
943 2132 1002 2173 τὴν
1025 2135 1147 2172 αἰτίαν,
1178 2132 1223 2169 ὡς
1244 2135 1321 2167 lxm
1324 2146 1366 2170 ως
1389 2134 1501 2175 ἕτερον
1524 2134 1609 2165 ἐκεί-

194 2198 262 2220 ιων
285 2188 536 2231 δεδηλωμένον;
563 2189 665 2219 ΙῙΡΩ.
690 2189 860 2229 Λέγωμεν
882 2185 947 2229 γὰρ
964 2183 1034 2219 οὖν.
1070 2189 1162 2219 28Ι);
1188 2186 1348 2230 Πότερον,
1372 2200 1397 2219 ω
1413 2186 1607 2230 Πρώταρχε,

195 2240 234 2272 ιὰ
257 2240 435 2283 ξύμπαντα
468 2243 525 2272 καὶ
556 2239 633 2273 τόδε
663 2240 699 2272 τὸ
731 2237 941 2283 καλούμενον
967 2238 1048 2272 ὅλον
1070 2240 1301 2284 ἐπιτροπεύειν
1325 2243 1444 2284 ᾳῶμεν
1467 2241 1525 2281 τὴν
1548 2243 1607 2273 τοῦ

193 2294 322 2337 ἀλόγου
350 2297 407 2326 καὶ
437 2297 508 2339 εἰκῇ
541 2294 688 2338 δύναμιν
716 2297 773 2326 καὶ
801 2294 836 2326 τὸ
869 2291 934 2337 ὅπη
965 2294 1096 2335 ἔτυχεν,
1134 2293 1151 2335 ἢ
1180 2293 1355 2333 τάναντία,
1390 2288 1546 2336 καθάπερ
1576 2298 1609 2326 οἱ

194 2346 346 2390 πρόσθεν
369 2346 464 2392 ἡμῶν
487 2350 616 2391 ἔλεγον,
645 2349 727 2381 νοῦν
757 2350 813 2379 καὶ
841 2345 1008 2389 φρόνησίν
1039 2360 1112 2381 τινα
1137 2348 1336 2391 θαυμαστὴν
1360 2346 1609 2382 συνιάττουσαν

195 2402 437 2444 διακυβερνᾶνς
464 2404 565 2435 ῙΙΡΩ.
593 2400 703 2435 Οὐδὲν
726 2402 792 2434 τῶν
814 2400 937 2442 αὐτῶν,
960 2413 986 2432 ω
1011 2399 1180 2446 θαυμάσιε
1203 2400 1388 2443 Σώκρατες.
1413 2400 1432 2434 ὃ
1453 2403 1518 2445 μὲν
1542 2403 1607 2446 γὰρ

194 2453 235 2486 σὺ
259 2456 321 2487 νῦν
345 2454 385 2494 δὴ
409 2457 525 2497 λέγεις,
556 2453 630 2487 οὐδ’
657 2454 752 2488 ὅσιον
781 2454 864 2487 εἶναι
887 2467 945 2498 μοι
971 2457 1145 2496 φαίνεται·
1173 2453 1208 2487 τὸ
1234 2455 1271 2488 δὲ
1294 2456 1375 2488 νοῦν
1399 2455 1508 2489 πάντα
1533 2457 1609 2488 δια-

194 2511 336 2552 κοσμεῖν
359 2507 443 2540 atini
467 2507 576 2551 φάναι.
600 2511 656 2541 καὶ
678 2509 733 2549 τῆς
755 2505 866 2549 ὅψεως
888 2509 947 2540 τοῦ
971 2506 1103 2552 κόσμου
1127 2510 1184 2540 καὶ
1205 2507 1299 2549 ἡλίου
1321 2511 1377 2540 καὶ
1394 2507 1528 2550 σελήνης
1552 2512 1609 2541 καὶ

194 2560 344 2606 ἀστέρων
372 2564 429 2594 καὶ
460 2561 568 2603 πάσης
597 2565 652 2603 τῆς
681 2562 868 2605 περιφορᾶς
896 2559 1004 2603 ἄξιον,
1033 2564 1091 2594 καὶ
1119 2561 1179 2595 οὐκ
1201 2558 1308 2598 ἄλλως
1332 2561 1434 2605 ἔγωγ’
1461 2559 1504 2596 ἅν
1528 2575 1609 2597 ποτε

195 2618 272 2659 περὶ
296 2615 406 2649 αὐτῶν
429 2618 559 2661 εἴποιμι
583 2615 658 2648 οὐδ’
684 2612 727 2648 ιῗν
750 2613 945 2660 δοξάσαιμι.
