1837 3017
243 299 306 341 Ac
329 297 498 353 primum
526 297 685 353 quidem
714 294 941 337 Alexandro
976 295 1210 349 opponimus
1243 290 1467 347 διακρίνειν
1493 295 1656 337 verbum

244 366 467 419 significare
502 381 580 407 non
613 378 728 419 posse
760 363 865 402 idem
903 369 1023 415 atque
1064 376 1312 415 componere.
1367 362 1470 401 Nam
1506 363 1657 403 etiamsi

245 433 312 474 ubi
341 433 597 475 discernimus
625 444 730 472 nova
757 429 987 484 compositio
1014 442 1143 471 rerum
1174 430 1364 470 exsistere
1385 428 1498 481 solet,
1527 436 1658 472 tamen

245 503 313 542 ubi
342 501 524 554 componi
551 513 614 539 res
643 499 773 538 dicere
801 498 981 537 volumus
1009 512 1086 544 non
1115 497 1206 537 licet
1234 499 1364 538 dicere
1393 512 1459 537 eas
1479 497 1659 537 discerni.

246 570 386 623 Itaque
413 568 683 622 διακριθῆναι
711 581 788 606 non
815 566 920 606 idem
950 578 1036 606 esse
1063 571 1195 618 potest
1221 565 1326 619 quod
1346 568 1553 620 συστῆναι.
1592 568 1660 607 At-

247 650 324 692 que
352 637 475 676 verba
494 636 761 687 Anaxagorae
788 647 889 688 quae
910 632 1137 673 Alexander
1156 632 1205 672 ad
1227 633 1526 686 explicationem
1548 649 1660 675 suam

246 704 430 744 tuendam
465 704 579 742 affert
616 702 690 754 ipsi
718 702 806 754 plus
835 701 1014 741 officiunt
1042 714 1159 753 quam
1188 708 1364 753 prosunt.
1418 702 1521 742 Nam
1551 718 1662 743 accu-

245 776 330 810 rate
356 771 411 810 ibi
431 770 692 821 Anaxagoras
721 767 817 807 duas
844 768 931 807 illas
951 766 1013 806 dei
1043 768 1217 807 actiones
1245 767 1347 807 inter
1376 781 1417 807 se
1445 769 1661 822 distinguit.

246 839 420 879 Primum
450 838 552 876 enim
583 841 851 875 secernentem
893 836 1008 875 deum
1036 835 1131 874 facit
1157 835 1306 886 semina
1334 849 1354 874 e
1384 837 1548 876 materia
1576 852 1662 877 con-

247 905 334 945 fusa
369 910 408 944 et
443 903 656 957 indigesta,
697 908 780 942 tum
816 915 862 941 ea
896 906 1196 954 componentem
1236 901 1449 953 eiusmodi,
1483 910 1527 943 ut
1560 905 1662 944 hanc

244 988 376 1013 rerum
396 973 691 1012 universitatem
709 971 893 1010 efficiant.
922 970 1134 1010 Praeterea
1154 970 1186 1009 si
1205 971 1368 1010 facimus
1389 986 1477 1011 cum
1493 972 1662 1012 Alexan-

248 1040 330 1092 dro,
358 1038 567 1080 admodum
594 1038 846 1092 perturbatus
876 1043 936 1077 est
963 1037 1244 1077 sententiarum
1274 1037 1382 1078 ordo.
1437 1038 1530 1079 Vult
1558 1039 1661 1081 enim

246 1109 475 1148 Alexander
516 1108 639 1146 verba
678 1106 768 1145 inde
809 1107 858 1144 ab
907 1103 998 1145 ἀλλ’
1042 1104 1180 1158 ὥσπερ
1215 1105 1257 1146 ἒν
1293 1104 1402 1160 οἰκίᾳ
1443 1122 1567 1161 usque
1611 1109 1661 1148 ad

246 1176 452 1216 κοινωνεῖν
480 1172 644 1215 ἅπαντα
672 1170 731 1221 εἷς
756 1171 804 1214 τὸ
833 1170 929 1214 ὅλον
956 1188 1073 1213 unam
1101 1173 1259 1214 efficere
1287 1174 1510 1228 periodum,
1550 1176 1660 1215 cuius

246 1243 416 1297 protasis
444 1244 688 1282 contineatur
715 1241 863 1280 verbis:
897 1237 950 1281 ἇλ
979 1237 990 1254 ’
1021 1238 1159 1293 ὥσπερ
1189 1240 1229 1281 ἕν
1258 1239 1366 1295 οἰκίᾳ
1392 1245 1477 1290 τοῖς
1496 1239 1659 1284 ἐλευθέ-

247 1326 335 1364 ροις
369 1306 516 1364 ἥκιστα
556 1309 709 1356 ἔξεστιν
751 1306 774 1348 δ’
813 1322 852 1347 τι
894 1306 1002 1359 ἔτυχε
1043 1311 1189 1356 ποιεῖν,
1234 1304 1339 1348 ἀλλὰ
1381 1306 1516 1350 πάντα
1551 1306 1577 1364 ἢ
1609 1310 1659 1351 τὰ

249 1379 419 1419 πλεῖστα
446 1378 646 1426 τέτακται,
675 1379 759 1424 τοῖς
778 1373 819 1416 δ’
842 1372 1123 1430 ἀνδραπόδοις
1143 1376 1209 1417 καὶ
1229 1380 1314 1426 τοῖς
1332 1376 1498 1431 θηρίοις
1515 1378 1660 1433 μικρὸν

245 1445 293 1487 τό
323 1444 380 1494 εἶς
406 1445 453 1486 τὸ
481 1443 630 1491 κοινόν,
662 1444 710 1484 τὸ
747 1444 792 1484 δὲ
821 1444 928 1485 πολι)
959 1442 981 1484 ὅ
1008 1460 1049 1485 τι
1076 1444 1225 1496 ἔτυχεν·
1262 1445 1444 1499 apodosis
1481 1448 1556 1486 his:
1594 1447 1662 1488 καὶ

248 1510 353 1554 &aaa
382 1512 509 1562 οὕτως
535 1511 643 1554 ἐστὶν
672 1506 727 1552 ὦν
755 1515 941 1552 κοινωνεῖ
967 1511 1130 1552 ἅπαντα
1159 1511 1217 1560 εἷς
1244 1512 1290 1553 τὸ
1321 1511 1429 1553 ὅλον.
1487 1514 1602 1563 Quod
1631 1516 1663 1555 si

245 1583 424 1632 facimus,
453 1582 553 1621 duae
581 1580 799 1620 sententiae
829 1580 1101 1634 explicationis
1130 1595 1248 1621 causa
1274 1582 1527 1635 interpositae
1555 1590 1663 1623 sunt:

246 1647 415 1703 τοιαύτη
442 1649 516 1703 γὰρ
545 1645 716 1690 ἑκάστου
745 1644 842 1702 ἀρχή
873 1643 1007 1690 αὐτῶν
1035 1645 1059 1703 ἡ
1090 1646 1214 1703 φύσις
1250 1647 1357 1690 ἐστίν
1393 1657 1449 1690 et:
1485 1650 1591 1703 λέγω
1621 1648 1662 1692 δ’

249 1713 338 1758 οἷον
371 1715 431 1766 εἴς
467 1732 511 1770 γε
546 1716 593 1756 τὸ
629 1718 894 1770 διακριθῆναι
930 1713 1082 1769 ἀνάγκη
1116 1716 1272 1757 ἅπασιν
1307 1717 1457 1767 ἐλθεῖν,
1495 1731 1662 1771 quarum

246 1786 366 1840 prior,
396 1786 428 1825 si
456 1785 526 1825 tali
553 1785 669 1825 modo
699 1784 903 1838 periodum
927 1785 1208 1838 componimus,
1235 1799 1398 1825 necesse
1426 1793 1484 1825 est
1509 1794 1664 1840 spectet

249 1854 297 1893 ad
318 1854 516 1894 civitatem
533 1851 622 1906 (τὴν
639 1849 852 1892 πολίτειαν
869 1852 970 1891 enim
986 1853 1215 1892 Alexander
1240 1867 1310 1906 pro
1325 1855 1374 1907 τῇ
1391 1850 1498 1908 οἰκίᾳ
1514 1853 1662 1894 Aristo-

246 1922 335 1960 telis
363 1920 599 1971 substituit),
634 1920 797 1958 alteram
827 1919 1057 1958 Alexander
1092 1921 1213 1959 refert
1246 1921 1293 1959 ad
1323 1921 1523 1960 mundum.
1580 1921 1663 1961 Sed

247 1987 315 2043 qui
341 1987 426 2028 fieri
454 1993 596 2042 potest,
625 1993 668 2027 ut
687 1985 719 2026 si
739 1993 856 2027 antea
877 1986 1132 2041 philosophus
1154 1988 1276 2028 verba
1296 1989 1389 2028 fecit
1417 1988 1463 2028 de
1492 1988 1662 2039 civitate,

246 2057 442 2097 sententia
469 2070 569 2109 quae
599 2054 700 2108 λέγω
729 2052 770 2094 δ’
800 2049 889 2095 οἷον
922 2054 1051 2094 verbis
1091 2054 1230 2107 incipit
1257 2057 1452 2108 pertineat
1479 2056 1529 2095 ad
1557 2071 1663 2096 mun-

248 2124 339 2166 dum
368 2123 417 2164 de
446 2137 522 2178 quo
552 2129 689 2177 postea
715 2122 858 2176 agitur,
890 2138 976 2163 cum
1009 2121 1112 2177 λέγω
1140 2119 1182 2164 δ’
1214 2118 1302 2165 οἷον
1329 2123 1494 2164 formula
1523 2124 1571 2164 sit
1600 2137 1664 2164 ex-

245 2193 459 2247 plicantis?
514 2192 727 2231 Praeterea
771 2192 803 2230 si
840 2192 1071 2231 Alexander
1111 2200 1335 2233 contextum
1376 2193 1478 2232 inter
1522 2193 1662 2233 verba:

247 2257 324 2302 ἀλλ
352 2258 490 2312 ὥσπερ
519 2258 560 2300 ἐν
588 2256 696 2314 οἰκίᾳ
725 2283 769 2290 -
803 2256 927 2313 φύσις
954 2257 1062 2301 ἐστίν
1101 2268 1139 2300 ct
1167 2261 1234 2302 καὶ
1261 2256 1367 2301 ἄλλα
1396 2259 1527 2309 οὕτως
1554 2259 1663 2303 ἐστὶν

247 2321 302 2369 ὧν
338 2330 526 2369 κοινωνεῖ
559 2325 722 2367 ἅπαντα
760 2325 817 2377 εἷς
851 2327 899 2367 τὸ
937 2326 1046 2376 ὅλον,
1091 2329 1224 2369 statuit
1260 2329 1503 2370 intercedere
1540 2330 1663 2369 hunc:

247 2393 386 2449 ὥσπερ
414 2394 483 2436 ἐπὶ
509 2396 558 2448 τῇ
584 2397 657 2447 τῆς
684 2395 899 2444 πολιτείας
933 2392 1127 2455 συστάσει
1165 2394 1299 2436 πάντα
1335 2400 1521 2437 κοινωνεῖ
1545 2394 1665 2450 ἀλλή-

247 2464 354 2513 λοις,
398 2460 527 2511 οὕτως
563 2460 642 2505 εἶσὶ
677 2463 745 2505 καὶ
773 2459 879 2505 ἄλλα
906 2463 997 2504 τινὰ
1026 2467 1293 2506 κοινωνοῦντα
1327 2464 1395 2506 καὶ
1425 2468 1666 2519 βοηθοῦντα

247 2528 443 2586 ἀλλήλοις
471 2528 529 2579 εἷς
554 2530 627 2585 τὴν
653 2535 726 2573 τοῦ
754 2530 853 2573 ὅλου
886 2530 1188 2586 συμπλήρωσιν,
1224 2548 1247 2572 a
1280 2533 1411 2573 verbis
1441 2535 1666 2575 Aristotelis

245 2599 473 2653 longissime
501 2599 662 2640 recedit.
700 2600 803 2641 Nam
833 2600 1088 2654 philosophus
1115 2616 1195 2641 non
1223 2601 1322 2641 dixit
1348 2601 1388 2642 in
1417 2602 1576 2643 civitate
1605 2604 1668 2644 vel

248 2668 379 2721 potius
411 2668 561 2708 familia
594 2669 726 2709 omnia
759 2669 862 2709 inter
896 2684 937 2710 se
974 2683 1062 2710 esse
1096 2671 1321 2722 coniuncta,
1364 2671 1403 2711 id
1444 2672 1549 2725 quod
1585 2674 1670 2714 vult
