1837 3017
141 538 159 561 ἱ»

771 113 1050 182 4113-

661 389 996 449 Excursus
1038 387 1169 449 ΠΙ.

315 511 449 552 Verba
475 523 576 564 quae
602 510 788 562 leguntur
814 510 935 563 Phys.
955 510 1011 560 ΙΙ,
1030 510 1068 549 6.
1092 510 1165 550 198
1184 524 1207 550 a
1225 510 1268 550 2:
1293 510 1365 551 τὸν
1390 511 1438 553 δὲ
1462 508 1618 565 τρόπον

210 580 281 631 τῆς
309 575 442 625 αἰτίας
468 576 511 617 ἐν
536 578 622 623 τοῖς
650 574 752 616 ὅθεν
776 572 800 628 ἡ
821 573 1011 631 ἀρχὴτῆς
1036 573 1230 631 κινήσεως
1256 574 1445 632 ἑκάτερον
1471 575 1617 619 αὖτιῦν·

211 642 236 697 ἢ
273 646 349 698 γὰρ
381 647 461 685 τῶν
493 641 617 697 φύσει
649 660 691 685 τι
717 640 744 697 ἢ
770 646 851 684 τῶν
883 641 969 684 ἀπὸ
1006 643 1193 694 διανοίας
1225 643 1359 686 αἴτιον
1391 644 1461 688 ἀεί
1491 644 1615 688 ἐστιν·

209 712 458 767 interpretari
485 711 628 765 possis:
656 724 812 750 causam
841 717 985 761 autem,
1014 712 1097 752 scil.
1125 726 1226 766 quae
1246 726 1379 754 casum
1405 720 1446 754 et
1470 714 1615 755 fortem

211 781 351 830 efficit,
387 780 419 819 si
446 778 692 832 respicimus,
726 784 935 830 utrumque
967 778 1007 818 in
1041 778 1088 818 iis
1122 779 1226 819 unde
1252 780 1407 821 initium
1433 782 1616 822 motionis

210 853 289 899 est3
330 861 422 887 nam
460 858 614 899 semper
654 844 802 899 aliquid
840 851 908 885 aut
940 859 1075 886 eorum
1108 860 1209 899 quae
1245 853 1389 888 natura
1423 855 1515 889 sunt
1546 856 1616 889 aut

211 929 313 969 quae
340 929 364 954 a
393 913 631 968 cogitatione
664 912 977 967 proficiscuntur,
1013 927 1131 954 causa
1164 921 1243 963 est,
1277 915 1363 955 scil.
1391 930 1463 970 per
1496 930 1614 970 quam

210 996 324 1022 casus
352 988 391 1023 et
416 982 495 1021 fors
522 981 658 1021 oritur.
713 981 898 1020 Attamen
925 981 958 1020 si
983 981 1272 1023 cohaerentiam
1299 997 1402 1037 quae
1435 984 1496 1024 his
1523 998 1613 1024 cum

207 1035 529 1089 antecedentibus
554 1053 615 1088 est
642 1046 943 1098 consideramus,
965 1047 1006 1087 in
1025 1049 1260 1090 sententiam
1287 1050 1420 1091 induci
1437 1051 1615 1092 videmur

207 1115 336 1155 aliam.
389 1116 602 1168 Postquam
638 1114 740 1153 enim
768 1113 1001 1153 Aristoteles
1038 1114 1166 1167 capite
1197 1117 1314 1156 tertio
1348 1107 1445 1170 quot
1471 1132 1613 1158 causae

206 1181 481 1236 agnoscendae
500 1186 631 1221 essent
649 1179 842 1233 exposuit,
861 1179 1020 1220 ineunte
1039 1180 1167 1234 capite
1181 1189 1321 1236 quarto
1335 1183 1613 1238 inquirendum

207 1263 293 1289 esse
321 1250 388 1298 ait,
416 1248 523 1288 casui
551 1254 591 1287 et
616 1247 707 1287 forti
735 1261 836 1301 quae
869 1247 969 1286 ratio
1007 1261 1094 1286 cum
1123 1248 1198 1288 illis
1225 1250 1459 1291 intercedat:
1484 1251 1614 1304 Λέγε-

205 1332 275 1358 ται
302 1316 349 1359 δὲ
375 1315 444 1357 καὶ
472 1312 495 1370 ἢ
523 1311 619 1367 τύχη
645 1314 715 1355 καὶ
747 1313 795 1355 τὸ
824 1310 1054 1364 αὐτόματον
1079 1316 1160 1355 τῶν
1188 1314 1340 1365 αἰτίων,
1374 1318 1443 1360 καὶ
1475 1319 1613 1360 πολλὰ

206 1384 274 1424 καὶ
300 1379 407 1423 εἶναι
432 1383 501 1423 καὶ
527 1381 719 1435 γίνεσθαι
746 1381 818 1421 διὰ
844 1379 964 1439 τύχην
990 1382 1059 1421 καὶ
1087 1382 1158 1422 διὰ
1183 1384 1230 1423 τὸ
1250 1381 1496 1434 αὐτόματον·
1523 1384 1614 1426 τίνα

207 1445 278 1492 οὖν
302 1447 456 1504 τρόπον
483 1449 525 1491 ἐν
550 1447 714 1497 τούτοις
740 1446 827 1491 ἐστὶ
860 1452 946 1505 τοῖς
981 1446 1129 1498 αἰτίοις
1155 1446 1180 1503 ἡ
1207 1447 1302 1503 τύχη
1329 1451 1398 1493 καὶ
1423 1451 1471 1494 τό
1501 1449 1617 1495 αὐτό-

204 1531 345 1567 ματον,
378 1517 447 1556 καὶ
474 1514 650 1567 πότερον
676 1515 725 1555 τὸ
754 1511 854 1555 αὐτὸ
883 1513 907 1568 ἡ
935 1513 1032 1568 τύχη
1058 1515 1128 1555 καὶ
1154 1515 1201 1556 τὸ
1229 1514 1460 1568 αὐτόματον
1485 1516 1513 1572 ἢ
1539 1519 1617 1560 ἕτε-

205 1599 288 1635 ρον,
316 1582 386 1624 καὶ
412 1581 518 1631 ὅλως
543 1580 584 1623 τί
611 1581 719 1624 ἐστιν
738 1578 762 1636 ἡ
781 1578 876 1635 τύχη
904 1581 973 1623 καὶ
998 1581 1046 1624 τὸ
1074 1578 1306 1634 αὐτόματον
1331 1583 1616 1628 ἐπισκεπτέον.

207 1650 361 1698 Quibus
398 1651 513 1690 dictis
547 1665 642 1690 num
677 1663 791 1688 casus
829 1656 870 1689 et
902 1651 982 1689 fors
1015 1658 1253 1702 agnoscatur
1290 1665 1452 1693 necesse
1490 1654 1543 1693 sit
1577 1661 1617 1694 et

205 1730 307 1770 quae
340 1717 406 1757 alii
444 1717 493 1757 de
531 1717 579 1757 iis
621 1717 830 1758 statuerint
870 1716 1038 1757 disserit.
1092 1717 1277 1758 Exeunte
1312 1725 1442 1760 autem
1484 1720 1615 1774 capite

205 1783 361 1824 easdem
397 1798 496 1838 quas
529 1798 652 1836 supra
683 1783 931 1837 quaestiones
971 1784 1136 1836 profert.
1191 1785 1277 1824 Iam
1313 1787 1442 1839 capite
1477 1788 1613 1840 quinto

205 1865 306 1902 quae
345 1851 447 1891 ratio
488 1851 594 1890 casui
633 1857 673 1890 et
704 1850 797 1890 forti
830 1850 881 1889 sit
923 1864 1011 1889 cum
1045 1864 1163 1890 causa
1196 1852 1304 1891 finali
1341 1853 1523 1905 inquirit,
1561 1853 1612 1892 cf.

205 1916 280 1957 196
299 1916 325 1957 b
344 1917 415 1958 32:
444 1919 512 1959 νῦν
540 1917 586 1959 δὲ
612 1918 733 1958 τοῦτο
762 1913 866 1958 ἔστω
884 1913 1075 1970 φανερόν,
1104 1915 1169 1958 ὅτι
1187 1913 1313 1973 ἄμφω
1332 1916 1376 1960 ἐν
1392 1921 1479 1967 τοῖς
1496 1916 1611 1960 ἕνεκά

202 1981 276 2024 τού
305 1983 427 2025 ἐστιν.
474 1987 544 2025 197
566 2000 589 2024 a
608 1986 679 2024 32:
708 1982 796 2025 ἔστι
812 1984 886 2034 μὲν
906 1979 978 2025 οὖν
997 1980 1123 2039 ὅτ’μφω
1142 1983 1272 2034 αἴτια,
1299 1984 1492 2039 καθάπερ
1511 1985 1613 2039 εἶ’ρη·

201 2065 283 2100 ται,
311 2048 714 2109 κατὰσυμβεβηκός,
749 2050 817 2091 καὶ
844 2047 868 2105 ἡ
898 2048 993 2105 τύχη
1020 2051 1089 2093 καὶ
1113 2051 1161 2093 τὸ
1189 2049 1432 2105 αὐτόματον,
1462 2050 1505 2094 ἐν
1527 2056 1613 2101 τοῖς

201 2111 480 2169 ἕνδεχομένοις
505 2119 720 2171 γίγνεσθαι
746 2118 801 2170 μή
832 2115 976 2165 ἅπλῶς
1000 2116 1099 2170 μηδ’
1129 2116 1186 2167 ὥς
1212 2118 1284 2160 ἐπὶ
1308 2121 1355 2160 τό
1384 2118 1507 2167 πολύ,
1542 2121 1612 2161 καὶ

199 2183 352 2227 τούτων
385 2183 450 2227 ὅσ’
488 2182 537 2226 ἷίν
570 2185 728 2239 γένοιτο
772 2181 888 2225 ἕνεκά
927 2200 1013 2226 του.
1068 2186 1117 2226 In
1158 2189 1286 2240 capite
1326 2193 1437 2227 sexto
1478 2193 1611 2228 autem

199 2259 408 2306 postquam
437 2267 514 2306 quo
544 2266 657 2292 casus
676 2258 717 2292 et
733 2253 815 2291 fors
834 2252 937 2291 inter
955 2265 997 2291 se
1016 2252 1220 2292 differrent
1238 2254 1431 2305 exposuit,
1459 2254 1534 2293 198
1548 2268 1573 2293 a
1586 2255 1612 2294 2

200 2318 312 2360 dicit:
339 2319 411 2361 τὸν
438 2320 484 2362 δὲ
510 2316 675 2373 τρόπον’
690 2320 762 2372 τῆς
790 2314 924 2365 αἰτίας
944 2316 986 2358 ἐν
1004 2321 1091 2367 τοῖς
1114 2317 1216 2360 ὅθεν
1237 2315 1261 2372 ἡ
1285 2316 1384 2373 ἀρχὴ
1411 2322 1484 2374 τῆς
1503 2318 1610 2374 κινῆ·

198 2400 303 2434 σεως
324 2384 513 2442 ἑκάτερον
536 2384 689 2429 αὐτῶν·
717 2383 743 2440 ἢ
766 2384 842 2439 γὰρ
862 2387 943 2425 τῶν
964 2382 1091 2439 φύσει
1113 2401 1154 2426 τι
1174 2383 1201 2441 ἢ
1216 2388 1297 2426 τῶν
1316 2384 1402 2428 ἀπὸ
1422 2385 1612 2437 διανοίας

200 2451 335 2494 αἶ’τιον
363 2452 432 2496 ἀεί
457 2453 577 2496 ἐστιν·
624 2455 777 2505 Quibus
801 2467 934 2494 casum
962 2459 1001 2492 et
1027 2454 1168 2495 sortem
1194 2461 1359 2509 apparet
1388 2456 1612 2509 comparari

199 2535 342 2563 causae
370 2523 569 2564 efficienti.
623 2523 709 2565 Iam
736 2521 769 2563 si
795 2521 898 2562 inter
924 2533 968 2561 se
995 2522 1249 2564 conferuntur
1275 2523 1395 2564 haec:
1420 2520 1512 2564 τίνα
1539 2519 1612 2565 οὖν

197 2586 349 2642 τρόπον
376 2589 419 2632 ἕν
444 2587 607 2640 τούτοις
632 2590 717 2634 ἐστὶ
743 2592 829 2638 τοῖς
856 2586 1004 2637 αἰτίοις
1030 2586 1054 2643 ἦ
1081 2587 1176 2645 τύχη
1204 2590 1273 2632 καὶ
1304 2590 1352 2633 τὸ
1378 2589 1611 2645 αὐτόματον

1341 2661 1365 2700 8
