1837 3017
830 183 873 189 -
929 161 980 200 86
1037 183 1081 189 -

249 278 336 304 esse
366 264 597 304 Aristoteles
625 265 815 304 statuerit.
863 264 982 304 Certe
999 264 1111 303 Plato
1135 265 1339 304 materiam
1367 264 1664 317 intellegibilem

251 332 374 371 menti
413 330 569 370 divinae
610 343 689 369 non
732 330 941 382 subtraxit,
982 344 1069 370 cum
1112 330 1229 381 ideis,
1271 345 1368 384 quas
1401 344 1474 371 nos
1509 330 1665 384 quidem

251 399 507 452 cogitationes
537 398 690 438 divinas
719 412 804 438 esse
833 397 944 437 nobis
972 398 1249 451 persuasimus,
1277 397 1463 439 indiderit
1482 412 1666 452 magnum

253 473 292 506 et
319 480 495 518 parvum,
522 465 570 506 τὸ
597 465 704 519 μέγα
731 464 801 505 καὶ
824 464 871 505 τὸ
897 462 1053 518 μικρόν.

357 533 445 572 Hae
473 534 557 573 fere
586 540 677 574 sunt
705 533 954 573 difficultates
991 546 1093 586 quae
1124 533 1215 572 inde
1242 535 1422 573 oriuntur
1450 532 1556 586 quod
1581 511 1666 573 Ari-

252 600 428 650 stoteles,
459 614 561 654 quae
589 602 687 640 ratio
716 599 929 639 intellectui
957 615 1045 639 cum
1076 600 1237 640 materia
1267 606 1388 649 esset,
1416 599 1523 640 nullo
1549 599 1666 640 modo

252 668 446 720 exposuit.
490 668 605 707 Aliae
633 673 762 707 autem
791 666 881 706 inde
908 673 1123 706 nascuntur
1143 666 1246 720 quod
1267 666 1523 720 philosophus
1551 666 1667 707 deum

252 747 409 786 semper
441 734 545 774 idem
582 734 819 787 cogitantem
848 747 920 772 nec
948 748 1135 787 umquam
1170 740 1384 774 mutantem
1419 734 1667 786 cogitationis

253 800 450 840 obiectum
484 801 590 840 facit.
645 800 826 841 Vidimus
861 814 982 854 supra
1019 800 1296 853 cogitationem
1336 807 1375 840 et
1410 806 1537 840 ortum
1564 801 1669 840 inter

255 881 297 906 se
327 868 509 921 opposita
538 882 623 907 esse
650 869 717 917 ita,
747 875 790 908 ut
809 868 914 922 quod
935 868 1184 920 cogitationis
1209 868 1377 921 primum
1397 869 1458 918 sit,
1488 867 1667 908 ultimum

255 934 305 973 sit
332 941 453 974 ortus.
509 936 647 988 Itaque
683 941 811 975 motus
844 935 999 988 operari
1036 948 1191 987 semper
1228 935 1365 987 incipit
1399 934 1448 974 ab
1484 949 1529 974 eo
1564 934 1669 988 quod

255 1001 501 1053 cogitationis
537 1010 596 1041 est
630 1002 824 1042 ultimum.
881 1002 963 1042 Sed
998 1002 1030 1041 si
1064 1002 1159 1042 deus
1197 1017 1351 1055 semper
1378 1002 1480 1041 idem
1511 1001 1669 1053 cogitat,

256 1068 449 1120 quomodo
485 1069 546 1108 hic
585 1069 832 1122 cogitationis
869 1083 1074 1122 regressus
1112 1076 1150 1108 et
1186 1083 1419 1123 progressus
1455 1067 1670 1108 effectionis

254 1135 380 1174 locum
417 1136 562 1176 habere
597 1136 756 1189 potest?
800 1136 872 1176 Cui
912 1136 1145 1176 dubitationi
1174 1136 1309 1175 similis
1337 1142 1397 1175 est
1423 1135 1511 1174 alia.
1569 1135 1669 1175 Cum

255 1202 350 1241 deus
378 1217 533 1255 semper
560 1218 681 1242 unum
710 1203 875 1256 cogitet,
904 1217 953 1242 ne
981 1215 1214 1256 progressus
1242 1202 1399 1256 quidem
1429 1201 1577 1255 ingenii
1605 1202 1672 1241 hu·

254 1270 358 1308 mani
394 1269 555 1322 eiusque
592 1271 720 1310 cultus
757 1271 931 1322 cogitare
969 1276 1099 1321 potest
1136 1276 1175 1308 et
1211 1269 1542 1318 animadvertere,
1580 1283 1671 1321 quo-

256 1337 361 1377 circa
389 1337 506 1377 etiam
527 1337 753 1391 seponenda
773 1343 833 1377 est
851 1336 1057 1386 sententia,
1089 1351 1206 1390 quam
1235 1352 1306 1378 nos
1331 1336 1487 1391 quidem
1518 1335 1672 1377 adama-

258 1405 399 1443 vimus:
441 1406 497 1444 ita
541 1405 728 1444 divinitus
772 1418 857 1443 esse
892 1404 1134 1453 institutum,
1176 1410 1219 1442 ut
1254 1404 1431 1443 homines
1465 1403 1669 1457 paullatim

257 1473 564 1525 procedentibus
612 1471 855 1524 temporibus
905 1471 1065 1523 propius
1111 1471 1349 1523 propiusque
1391 1471 1583 1510 accedant
1622 1470 1671 1509 ad

258 1539 377 1576 finem
407 1552 430 1576 a
458 1537 531 1576 deo
565 1537 808 1589 propositum
847 1542 966 1589 atque
999 1550 1135 1576 veram
1172 1542 1350 1575 naturam
1388 1537 1596 1576 humanam
1633 1542 1672 1576 et

259 1604 299 1643 in
327 1604 409 1642 vita
435 1605 589 1657 privata
617 1610 656 1643 et
683 1604 721 1642 in
751 1603 918 1642 civitatis
947 1604 1133 1643 societate
1160 1609 1279 1656 atque
1308 1603 1405 1642 adeo
1433 1604 1472 1642 in
1498 1605 1671 1643 omnium

258 1671 457 1709 hominum
488 1670 762 1709 communione
799 1669 924 1721 magis
959 1670 1165 1723 magisque
1196 1670 1420 1722 exprimant
1446 1684 1491 1710 ac
1519 1684 1674 1723 reprae-

258 1743 425 1777 sentent.
480 1737 622 1789 Neque
656 1736 788 1775 dicere
822 1737 913 1775 licet
946 1737 1181 1776 sententiam
1216 1737 1404 1776 eiusmodi
1440 1737 1489 1776 ab
1524 1736 1674 1776 Aristo-

259 1804 334 1843 tele
364 1817 449 1843 esse
478 1804 664 1853 alienam,
700 1803 819 1843 immo
857 1804 952 1842 satis
988 1803 1160 1843 cernitur
1192 1803 1231 1842 in
1267 1816 1312 1842 eo
1342 1803 1445 1856 quod
1476 1803 1671 1856 hominem

260 1871 354 1909 dicit
382 1885 467 1909 esse
496 1871 640 1909 animal
668 1870 869 1922 politicum
906 1877 1023 1923 atque
1060 1871 1256 1909 civitatem
1291 1870 1382 1908 oriri
1420 1869 1594 1923 quidem,
1630 1876 1673 1909 ut

261 1937 437 1978 homines
466 1937 598 1978 vivere
626 1937 788 1991 possint,
817 1944 998 1978 constare
1027 1943 1169 1988 autem,
1202 1943 1246 1977 ut
1273 1937 1354 1977 vita
1381 1944 1541 1978 utantur
1568 1938 1673 1978 bona

261 2013 379 2057 atque
416 2005 590 2057 perfecta
605 2006 646 2056 ¹).
704 2005 854 2044 Tamen
895 2011 1061 2058 utraque
1104 2003 1294 2044 dubitatio
1328 2005 1566 2044 removenda
1600 2010 1673 2055 est,

261 2087 348 2112 cum
384 2079 604 2124 temporum
641 2087 776 2112 cursus
812 2086 959 2112 numen
995 2071 1169 2111 divinum
1198 2086 1356 2124 prorsus
1384 2087 1462 2112 non
1492 2071 1671 2124 attingat,

261 2139 315 2178 ita
345 2145 385 2178 ut
413 2138 538 2178 omnis
567 2139 722 2178 omnino
753 2138 914 2178 mutatio
950 2138 999 2177 ab
1034 2152 1079 2178 eo
1108 2139 1211 2178 absit
1237 2152 1367 2192 neque
1394 2139 1430 2178 ei
1458 2138 1536 2178 sint
1562 2151 1672 2191 prae·

261 2207 376 2246 terita
404 2213 472 2245 aut
500 2206 644 2254 futura,
672 2205 741 2244 sed
769 2206 994 2257 praesentia
1020 2206 1152 2244 omnia
1163 2205 1208 2257 ²).

352 2354 373 2393 ¹)
396 2354 482 2384 Polit
516 2355 549 2391 1,
576 2356 605 2383 2.
633 2354 713 2384 1252
731 2353 750 2383 b
768 2356 823 2384 29:
856 2351 978 2393 (πόλις)
1009 2355 1172 2395 γινομένη
1201 2354 1266 2396 μὲν
1295 2350 1358 2386 οὖν
1379 2354 1438 2386 τοῦ
1462 2355 1519 2397 ζῇν
1547 2353 1671 2390 ἕνεκεν,

260 2403 345 2438 οὖσα
370 2405 407 2437 δὲ
430 2407 488 2437 τοῦ
505 2402 541 2437 εὖ
559 2407 628 2449 ζῇν.

350 2461 372 2499 ’)
397 2461 445 2491 De
467 2461 555 2491 caelo
578 2461 604 2499 Ι,
630 2461 661 2491 9.
686 2461 746 2491 279
763 2462 853 2490 all:
880 2458 952 2503 ἅμα
982 2459 1018 2492 δὲ
1043 2460 1147 2500 δῆλον
1169 2457 1218 2491 ὅτι
1242 2459 1321 2494 οὐδὲ
1344 2458 1445 2497 τόπος
1469 2458 1549 2492 οὐδὲ
1572 2456 1670 2491 κενὸν

259 2513 337 2546 οὐδὲ
356 2512 481 2555 χρόνος
505 2514 594 2546 ἐστὶν
617 2514 680 2549 ἔξω
703 2514 762 2544 τοῦ
785 2511 943 2555 οὐρανοῦ·
967 2514 1003 2547 ἐν
1027 2512 1149 2546 ἅπαντι
1167 2513 1232 2556 γὰρ
1247 2513 1339 2556 τόπῳ
1354 2514 1501 2549 δυνατὸν
1524 2511 1670 2552 ὑπάρξαι

260 2568 372 2609 σῶμα·
405 2567 502 2600 κενὸν
527 2566 561 2599 ‹5‘
586 2566 676 2600 εἶναί
696 2576 803 2608 φασιν
833 2567 868 2599 ἐν
892 2559 917 2608 ᾧ
939 2566 986 2610 μὴ
1015 2565 1197 2610 ἐνυπάρχει
1228 2569 1343 2611 σῶμα,
1372 2566 1519 2601 δυνατὸν
1541 2564 1574 2597 δ”
1601 2565 1670 2597 ἐστὶ

260 2622 427 2661 γενέσθαι·
448 2619 573 2664 χρόνος
597 2619 632 2653 δ’
659 2619 804 2663 ἀριθμὸς
826 2619 996 2661 κινήσεως·
1034 2623 1162 2660 κίνησις
1184 2619 1216 2651 δ’
1242 2618 1321 2655 ἄνευ
1346 2622 1494 2664 φυσικοῦ
1518 2618 1670 2662 σώματος
