1837 3017
833 164 1090 203 —32-
1405 193 1424 199 -

359 265 441 308 Sed
469 267 562 306 satis
589 267 688 307 haec
715 281 795 308 una
820 267 987 308 societas
1015 282 1094 309 non
1121 275 1192 309 est.
1245 270 1346 311 Cum
1384 271 1488 313 enim
1524 270 1666 314 anima·

253 335 357 375 libus
384 340 523 374 natura
549 333 710 374 insitum
739 336 800 384 sit,
828 340 871 374 ut
897 341 1106 388 procreent
1133 335 1212 376 alia.
1238 337 1300 377 sui
1318 338 1487 390 generis,
1516 339 1600 379 viro
1627 343 1667 379 et

254 401 424 442 feminae
450 399 665 441 ineundum
694 408 752 442 est
771 401 994 455 coniugium
1010 402 1052 456 ¹).
1094 402 1288 452 Quamvis
1308 417 1402 446 vero
1423 406 1551 460 prima
1569 405 1666 447 haec

257 470 306 509 sit
332 484 460 522 causa,
490 483 559 508 cur
586 468 647 509 vir
676 475 714 509 et
741 469 886 510 femina
912 468 1016 509 inter
1044 484 1086 510 se
1114 471 1401 525 coniungantur
1428 478 1469 513 et
1488 473 1667 527 copulen-

255 545 329 587 tur,
365 543 498 576 tamen
535 537 619 577 sola
649 551 728 576 non
765 542 840 586 est,
875 536 994 576 immo
1028 538 1175 577 multae
1202 544 1409 591 praeterea.
1438 546 1529 580 sunt
1556 540 1666 580 aliae.

256 604 413 646 Etenim
443 610 583 645 natura
603 618 724 657 opera
750 603 1049 657 functionesque
1077 604 1180 645 inter
1207 610 1419 658 utrumque
1444 607 1586 658 divisit,
1613 607 1667 646 ita

254 680 298 713 ut
330 672 407 712 alia
443 673 521 711 sint
554 672 649 719 viri,
686 671 762 710 alia
795 670 980 722 feminae,
1021 672 1161 723 veluti,
1203 678 1246 712 ut
1281 672 1356 713 hoc
1394 687 1472 713 uno
1511 679 1666 714 utamur

256 741 456 793 exemplo,
492 739 566 777 viri
607 744 667 777 est
701 753 841 791 parare
875 745 914 777 et
947 739 1174 792 acquirere,
1217 753 1451 779 conservare
1486 754 1533 779 ac
1565 740 1665 779 tueri

254 806 482 858 mulieris2).
539 806 682 859 Itaque
716 810 854 845 neuter
889 817 1022 845 eorum
1059 820 1130 859 per
1166 820 1208 846 se
1242 806 1342 847 bene
1375 806 1510 846 vivere
1537 812 1667 860 potest

255 888 383 927 neque
412 874 567 925 assequi
594 871 882 921 sufficientiam,
911 872 982 910 sed
1007 887 1171 913 necesse
1200 879 1259 912 est
1286 888 1352 913 eos
1380 887 1501 925 opera
1528 888 1598 913 sua
1626 874 1664 912 in

254 955 375 981 unum
416 939 528 994 quasi
572 938 751 980 conferre
793 945 832 979 et
874 939 1137 992 conciliare³).
1193 940 1325 994 Atque
1365 946 1507 982 natura
1546 939 1665 981 animi

254 1023 388 1048 eorum
429 1014 468 1047 et
508 1008 666 1060 ingenia
707 1007 942 1047 exstiterunt
983 1021 1050 1058 ea,
1091 1013 1135 1047 ut
1170 1008 1316 1061 optime
1350 1009 1452 1048 inter
1492 1022 1534 1047 se
1577 1022 1665 1048 con-

253 1082 451 1130 gruerent.

360 1144 407 1182 In
444 1157 681 1196 unaquaque
709 1148 839 1183 autem
869 1143 1076 1192 societate,
1114 1148 1156 1182 ut
1183 1149 1448 1193 conservetur,
1484 1143 1550 1183 uni
1578 1143 1664 1182 reli·

253 1211 319 1264 qui
349 1225 390 1250 sc
418 1210 612 1250 subiciant
638 1224 799 1264 prorsus
829 1216 888 1250 est
914 1209 1128 1262 necesse⁴).
1183 1211 1267 1250 Iam
1296 1226 1385 1251 cum
1416 1211 1474 1250 vir
1501 1210 1663 1251 muliere

253 1347 287 1380 τὸ
312 1347 378 1391 γὰρ
402 1347 482 1380 αὐτὸ
507 1349 672 1391 συμφέρει
695 1348 740 1389 τῷ
761 1348 855 1391 μέρει
879 1347 935 1378 καὶ
958 1347 1004 1388 τῷ
1026 1344 1092 1388 ὅλῳ
1121 1347 1178 1378 καὶ
1205 1345 1333 1392 σώματι
1365 1348 1423 1380 καὶ
1449 1348 1556 1392 ψυχῇ,
1584 1345 1601 1380 ὁ
1625 1347 1664 1385 δὲ

253 1403 374 1439 δοῦλος
395 1405 498 1445 μέρος
519 1414 550 1434 τι
572 1403 632 1434 τοῦ
655 1399 836 1440 δεσπότου,
860 1398 934 1434 οἷον
957 1399 1114 1445 ἔμψυχόν
1128 1413 1157 1434 τι
1173 1402 1232 1434 τοῦ
1245 1399 1399 1445 σώματος
1415 1403 1664 1445 κεχωρισμένον

253 1456 292 1488 δὲ
313 1458 425 1498 μέρος.
454 1455 506 1487 διὰ
537 1457 595 1487 καὶ
624 1457 802 1498 συμφέρον
833 1455 905 1487 ἐστί
929 1466 961 1486 τι
990 1456 1047 1486 καὶ
1078 1455 1175 1497 φιλία
1199 1453 1309 1497 δούλῳ
1332 1457 1390 1487 καὶ
1412 1454 1558 1498 δεσπότῃ
1581 1454 1665 1496 πρὸς

252 1507 414 1550 ἀλλήλους
435 1512 504 1545 τοῖς
526 1508 625 1552 φύσει
649 1507 776 1542 τούτων
796 1508 1003 1551 ἠξιωμένοις.

343 1564 365 1603 “)
388 1565 423 1595 L.
448 1564 470 1595 1.
495 1565 520 1603 Ι,
546 1567 575 1595 2.
603 1567 683 1595 1252
699 1574 718 1595 a.
734 1565 790 1595 26:
818 1560 949 1604 ἀνάγκη
978 1560 1019 1602 δὴ
1049 1563 1182 1603 πρῶτον
1213 1559 1459 1600 συνδυάζεσθαι
1487 1561 1561 1598 τοὺς
1584 1558 1663 1595 ἄνευ

251 1615 404 1657 ἀλλήλων
424 1615 471 1659 μὴ
495 1615 706 1659 δυναμένους
728 1616 825 1655 εἶναι,
849 1612 923 1648 οἷον
945 1615 1030 1655 θῆλυ
1053 1614 1118 1657 μὲν
1139 1615 1197 1646 καὶ
1219 1611 1321 1658 ἄρρεν
1343 1616 1398 1656 τῆς
1413 1617 1573 1657 γενέσεως
1594 1615 1664 1647 gve-

253 1680 310 1702 κεν
333 1669 407 1711 (καὶ
428 1670 524 1702 τοῦτο
550 1668 612 1702 οὐκ
634 1670 672 1703 ἐκ
695 1671 937 1714 προαιρέσεως,
967 1666 1044 1700 ἀλλ’
1070 1665 1184 1710 ὥσπερ
1208 1671 1263 1700 καὶ
1287 1669 1323 1702 ἐν
1345 1672 1413 1705 τοῖς
1436 1665 1548 1705 ἄλλοις
1570 1666 1664 1711 ζῴοις

251 1724 308 1754 καὶ
329 1726 447 1765 φυτοῖς
470 1723 618 1766 φυσικὸν
640 1723 676 1756 τὸ
700 1725 877 1766 ἐφίεσθαι,
908 1719 980 1755 οἷον
1003 1720 1096 1763 αὐτό,
1125 1723 1277 1756 τοιοῦτον
1305 1725 1501 1756 καταλιπεῖν
1524 1723 1662 1768 ἕτερον).

251 1778 300 1808 De
324 1779 420 1808 anim.
444 1779 487 1817 ΙΙ,
511 1782 540 1810 4.
564 1781 626 1809 415
643 1789 662 1810 ο,
679 1781 795 1818 26sqq.

341 1832 365 1871 ²)
387 1832 483 1863 Polit.
508 1831 567 1870 111,
592 1834 622 1862 4.
650 1834 730 1862 1277
748 1831 769 1862 b
786 1834 844 1862 24:
874 1829 947 1862 ἐπεὶ
974 1831 1030 1862 καὶ
1055 1831 1233 1872 οἰκονομία
1258 1830 1352 1873 ἑτέρα
1376 1829 1502 1873 ἀνδρὸς
1523 1831 1580 1862 καὶ
1602 1843 1660 1874 γυ-

250 1881 383 1918 ναικός·
414 1884 474 1914 τοῦ
495 1883 561 1926 μὲν
582 1882 648 1926 γὰρ
672 1884 817 1915 κτᾶσθαι
839 1884 894 1924 τῆς
916 1883 955 1915 δὲ
977 1881 1156 1926 φυλάττειν
1179 1883 1280 1926 ἔργον
1302 1884 1402 1917 ἐστίν.

341 1936 365 1976 ³)
387 1938 460 1968 Eth.
483 1938 554 1968 Nic.
577 1938 665 1976 VIII,
692 1940 741 1968 14.
767 1940 848 1967 1162
865 1947 885 1968 a
904 1940 956 1969 19:
988 1939 1055 1972 τοῖς
1076 1936 1141 1980 μὲν
1164 1934 1226 1970 οὖν
1249 1932 1360 1972 ἄλλοις
1382 1937 1437 1969 ἐπὶ
1457 1937 1620 1970 τοσοῦτον
1642 1934 1661 1976 ἡ

251 1993 412 2023 κοινωνία
435 1990 536 2029 ἐστίν,
560 1991 593 2021 οἱ
615 1989 651 2022 δ’
676 1987 855 2035 ἅνθρωποι
878 1989 917 2022 οὐ
939 1988 1049 2034 μόνον
1071 1991 1126 2031 τῆς
1145 1993 1357 2026 τεκνοποιίας
1368 1988 1469 2034 χάριν
1486 1991 1662 2023 συνοικοῦ-

252 2055 319 2083 σιν,
341 2043 428 2076 ἀλλὰ
457 2046 514 2076 καὶ
541 2046 607 2077 τῶν
636 2047 681 2080 εἰς
703 2044 761 2078 τὸν
782 2047 875 2086 βίον·
897 2043 997 2081 εὐθὺς
1019 2044 1085 2087 γὰρ
1110 2043 1263 2088 διῄρηται
1284 2043 1323 2076 τὰ
1355 2044 1455 2086 ἔργα,
1485 2046 1543 2077 καὶ
1572 2045 1663 2078 ἔστιν

251 2099 345 2143 ἕτερα
369 2096 496 2141 ἀνδρὸς
519 2099 576 2129 καὶ
598 2096 773 2140 γυναικός·
797 2098 1004 2142 ἐπαρκοῦσιν
1028 2094 1089 2131 οὖν
1111 2094 1276 2138 ἀλλήλοις,
1298 2099 1343 2133 εἰς
1365 2095 1400 2130 τὸ
1423 2096 1539 2132 κοινὸν
1553 2100 1663 2132 τιθέν-

249 2164 300 2190 τες
322 2152 361 2186 τὰ
384 2152 467 2186 ἴδια.
513 2154 631 2186 Oecon.
655 2154 680 2193 1,
706 2157 733 2187 3.
760 2157 840 2187 1343
857 2154 877 2186 b
896 2156 953 2186 26:
977 2147 1062 2184 οὕτω
1086 2149 1366 2196 προῳκονόμηται
1387 2149 1454 2185 ὑπὸ
1484 2154 1543 2185 τοῦ
1566 2155 1662 2186 θείου

249 2207 408 2249 ἑκατέρου
430 2205 449 2247 ἡ
473 2205 592 2249 φύσις,
623 2208 682 2238 τοῦ
704 2218 736 2239 τε
759 2205 882 2248 ἀνδρὸς
904 2208 961 2238 καὶ
983 2207 1037 2246 τῆς
1065 2205 1241 2248 γυναικός,
1272 2206 1356 2249 πρὸς
1383 2206 1442 2247 τὴν
1469 2209 1661 2239 κοινωνίαν.

251 2261 435 2300 διείληπται
459 2259 526 2304 γὰρ
548 2261 595 2302 τῷ
615 2259 663 2303 μὴ
688 2259 743 2293 ἐπὶ
764 2259 866 2293 ταύτὰ
890 2258 1000 2293 πάντα
1019 2258 1189 2303 χρήσιμον
1211 2259 1300 2302 ἔχειν
1321 2258 1379 2300 τὴν
1403 2257 1560 2303 δύναμιν,
1583 2257 1659 2291 ἀλλ’

250 2314 322 2346 ἔνια
346 2314 401 2346 ἐπὶ
424 2313 597 2353 τάναντία,
629 2312 797 2355 tls-,wind
821 2314 858 2346 δὲ
881 2317 1112 2348 συντείνοντα·
1134 2311 1170 2345 τὸ
1193 2312 1258 2356 μὲν
1279 2312 1345 2355 γὰρ
1369 2312 1595 2358 ἰσχυρότερον,
1611 2312 1660 2346 »τὸ

249 2366 281 2399 δ’
308 2367 554 2411 ἀσθενέστερον
577 2368 747 2407 ἐποίησεν,
779 2368 833 2400 ἵνα
862 2367 898 2400 τὸ
930 2368 996 2412 μὲν
1019 2364 1312 2410 φυλακτικώτερον
1333 2364 1354 2411 ᾖ
1378 2366 1435 2400 διὰ
1457 2367 1517 2401 τὸν
1538 2365 1660 2410 φόβον,

249 2420 284 2454 τὸ
310 2420 343 2453 δ’
369 2419 639 2465 ἀμυντικώτερον
662 2419 719 2452 διὰ
735 2420 799 2462 ,τὴν
822 2420 977 2466 ἀνδρίαν,
1007 2422 1065 2454 καὶ
1092 2419 1128 2453 τὸ
1156 2420 1222 2465 μὲν
1253 2422 1369 2465 πορίζῃ
1391 2420 1431 2454 τὰ
1455 2422 1591 2460 ἔξωθεν,
1622 2419 1658 2453 τὸ

250 2475 288 2507 δὲ
311 2473 396 2518 σώζῃ
420 2474 460 2506 τὰ
483 2474 594 2507 ἔνδον.
637 2477 716 2506 1343
734 2475 753 2506 b
774 2478 886 2517 13sqq.
911 2477 1049 2508 maxime
1071 2476 1165 2507 haee:
1192 2475 1228 2508 ἔν
1250 2473 1422 2519 ἀνθρώπῳ
1443 2475 1481 2507 δὲ
1501 2472 1659 2518 μάλιστα,

250 2526 301 2560 ὅτι
324 2527 364 2560 οὐ
381 2526 491 2572 μόνον
513 2529 573 2560 τοῦ
596 2527 699 2570 εἶναι,
727 2526 810 2560 ἀλλὰ
834 2530 890 2561 καὶ
918 2531 978 2562 τοῦ
1000 2525 1036 2563 εὖ
1060 2528 1145 2562 εἶναι
1168 2528 1313 2574 συνεργὰ
1337 2528 1490 2572 ἀλλήλοις
1511 2527 1547 2562 τὸ
1572 2530 1658 2571 θῆλυ

251 2583 306 2613 καὶ
329 2581 364 2614 τὸ
389 2577 491 2625 ἄρρεν
515 2583 594 2615 ἔστί.
641 2584 690 2615 Cf.
713 2583 868 2613 Fritzsch.
892 2584 1024 2617 Aristot.
1048 2583 1087 2615 de
1109 2585 1200 2616 amic.
1223 2595 1253 2625 p.
1272 2588 1322 2617 ⁷3.

337 2637 361 2674 ⁴)
388 2638 478 2668 Polit.
505 2639 529 2676 Ι,
555 2643 582 2673 5,
610 2640 691 2669 1254
707 2648 726 2669 a
743 2638 798 2670 28:
829 2633 891 2669 ὅσα
914 2636 980 2681 γὰρ
1002 2637 1038 2670 ἐκ
1061 2635 1226 2673 πλειόνων
1250 2641 1429 2680 συνέστηκε
1452 2638 1509 2671 καὶ
1533 2639 1658 2681 γίνεται
