1837 3017
278 292 381 334 quae
407 280 624 321 secundum
649 286 830 322 naturam
859 287 929 322 est
946 287 1210 336 consequatur
1229 281 1414 334 voluptas
1433 293 1559 334 eaque
1577 286 1687 321 tanto

277 346 412 397 maior,
447 353 593 401 quanto
632 349 891 402 praestantior
923 349 992 389 illa
1030 354 1090 389 est
1104 349 1151 401 ¹),
1188 349 1497 403 speculationem
1531 361 1688 401 quoque

275 415 385 468 (nam
419 416 516 457 haec
553 423 613 457 est
650 417 751 457 actio
787 418 909 470 partis
944 417 1028 457 eius
1056 430 1158 470 quae
1186 416 1386 470 cogitandi
1414 428 1579 456 munere
1606 415 1687 454 fun-

275 482 397 536 gitur)
424 498 583 524 necesse
612 490 672 524 est
698 489 886 538 sequatur
913 484 1094 538 voluptas
1122 498 1247 538 eaque
1270 499 1435 524 summa.
1477 484 1689 522 Praeterea

276 550 418 590 mentis
451 553 552 592 actio
587 552 759 592 omnium
793 551 965 592 maxime
1001 551 1185 591 continua
1213 557 1272 591 est
1300 558 1340 592 et
1366 551 1538 592 maxime
1566 549 1688 589 utitur

275 617 557 670 sufficientia²).
612 619 744 668 Quam
771 619 821 659 ob
849 631 933 659 rem
973 618 1121 658 homini
1158 618 1232 657 hac
1266 619 1419 659 ratione
1446 619 1625 659 instituto
1654 617 1686 656 si

274 686 527 739 suppeditant
560 701 662 741 quae
696 685 920 726 necessaria
946 691 1036 725 sunt
1063 685 1113 724 ad
1140 685 1261 725 vitam
1289 700 1358 726 suo
1387 687 1504 727 modo
1535 691 1686 726 susten·

275 752 445 804 tandam,
472 761 590 808 atque
609 755 753 794 absunt
770 767 915 806 magna
932 753 1037 793 mala
1056 753 1277 806 cladesque,
1306 768 1456 794 summa
1476 754 1512 793 ei
1532 753 1685 793 exsistit

275 820 440 861 felicitas
468 828 508 862 et
536 822 617 862 vita
644 823 811 875 optima,
848 835 949 875 quae
977 821 1239 874 praestantior
1268 827 1326 860 est
1353 835 1470 874 quam
1498 822 1682 871 humana,

273 883 299 940 ἢ
325 885 416 927 κατ’
454 885 689 943 ἔνθρωπον.
744 890 834 929 Non
863 888 965 928 enim
995 894 1188 941 quatenus
1225 889 1341 928 homo
1376 895 1447 937 est,
1481 889 1537 927 ita
1572 888 1681 937 vivit,

271 954 339 994 sed
367 970 445 1009 qua
472 956 644 997 divinum
673 957 856 1011 quiddam
888 955 924 994 ei
952 956 1065 996 inest.
1121 955 1283 996 Minime
1310 970 1405 996 vero
1434 961 1589 1008 oportet
1615 955 1682 994 hu-

270 1035 385 1062 mana
412 1024 587 1076 cogita-re
615 1038 704 1064 eum
740 1025 806 1078 qui
839 1025 954 1063 homo
982 1029 1097 1063 natus
1126 1030 1203 1073 est,
1240 1037 1372 1077 neque
1407 1023 1587 1063 mortalia
1615 1022 1696 1080 qui,

270 1094 329 1129 est
356 1091 551 1142 mortalis,
593 1093 685 1146 quin
713 1092 842 1146 potius
870 1104 1024 1131 summa
1051 1105 1125 1145 ope
1152 1091 1357 1131 nitendum
1385 1097 1463 1141 est,
1492 1096 1535 1130 ut
1563 1104 1681 1143 quan·

268 1163 351 1197 tum
378 1158 471 1198 licet
490 1159 735 1199 mortalitatis
756 1159 969 1199 conditioni
994 1173 1065 1198 nos
1091 1159 1322 1210 eximamus,
1351 1159 1564 1212 omniaque
1591 1164 1683 1198 sunt

270 1226 443 1278 agenda,
481 1233 524 1267 ut
550 1227 726 1267 vivamus
764 1227 978 1267 secundum
1013 1232 1165 1279 partem
1202 1227 1324 1267 nostri
1361 1241 1447 1266 eam
1484 1239 1587 1276 quae
1621 1231 1681 1265 est

269 1293 416 1332 melior.

358 1420 383 1461 ¹)
404 1422 441 1452 L.
464 1422 485 1453 l.
508 1423 550 1461 X,
573 1425 601 1453 4.
628 1425 710 1453 1174
724 1422 745 1453 b
765 1424 817 1452 18:
849 1418 930 1452 καθ’
956 1419 1098 1452 ἕκαστον
1126 1419 1164 1451 δὲ
1191 1421 1341 1460 βελτίστη
1373 1420 1463 1454 ἐστὶν
1486 1419 1505 1460 ἡ
1527 1420 1677 1462 ἐνέργεια

266 1473 325 1504 τοῦ
356 1469 477 1517 ἄριστα
504 1475 719 1518 διακειμένου
747 1472 832 1517 πρὸς
859 1471 895 1505 τὸ
925 1471 1103 1516 κράτιστον
1131 1474 1197 1506 τῶν
1226 1471 1288 1515 ὑφ’
1320 1471 1433 1514 αὑτήν.
1465 1472 1546 1513 αὕτη
1577 1472 1609 1505 δ’
1637 1470 1679 1506 ἂν

266 1524 449 1568 τελειοτάτη
472 1530 521 1568 εἴη
544 1530 601 1561 καὶ
623 1526 752 1569 ἡδίστη·
777 1525 861 1560 κατὰ
887 1528 1002 1564 πᾶσαν
1024 1524 1092 1569 γὰρ
1116 1529 1276 1566 αἴσθησίν
1304 1527 1393 1560 ἔστιν
1413 1525 1529 1567 ἡδονή,
1557 1524 1681 1569 ὁμοίως

266 1579 304 1612 δὲ
326 1581 384 1612 καὶ
405 1578 560 1614 διάνοιαν
583 1583 640 1614 καὶ
662 1584 821 1625 θεωρίαν,
851 1579 968 1622 ἡδίστη
996 1579 1030 1612 δ’
1055 1578 1075 1621 ἡ
1097 1577 1300 1620 τελειοτάτη,
1329 1578 1512 1621 τελειοτάτη
1537 1579 1570 1612 δ’
1588 1579 1607 1620 ἡ
1623 1581 1681 1612 τοῦ

266 1630 303 1666 εὖ
326 1633 463 1676 ἔχοντος
490 1633 575 1678 πρὸς
604 1635 640 1668 τό
669 1632 940 1668 σπουδαιότατον
970 1635 1036 1668 τῶν
1058 1632 1125 1677 ὑφ’
1153 1632 1265 1675 αὑτήν.
1296 1636 1418 1667 τελειοῖ
1445 1633 1483 1666 δὲ
1509 1632 1569 1675 τὴν
1591 1634 1682 1677 ἐνέρ-

265 1699 361 1730 γειαν
382 1687 402 1729 ἦ
425 1687 539 1729 ἡδονή.

355 1743 379 1783 ²)
401 1744 441 1774 L.
463 1744 485 1775 1.
509 1744 555 1782 X,
585 1747 615 1776 7.
639 1745 698 1774 in.:
732 1744 777 1774 Et
806 1740 838 1774 δ’
870 1742 960 1774 ἐστὶν
986 1740 1005 1782 ἦ
1037 1740 1237 1784 εὐδαιμονία
1266 1740 1341 1772 κατ’
1367 1739 1487 1784 α’ρετὴν
1517 1741 1680 1784 ἐνέργεια,

265 1791 407 1838 εὔλογον
436 1794 521 1828 κατὰ
547 1794 606 1836 τὴν
638 1798 836 1840 κρατίστην·
864 1793 946 1836 αῦτη
974 1793 1007 1827 δ’
1034 1793 1076 1828 ἄν
1106 1797 1154 1835 εἴη
1184 1795 1243 1827 τοῦ
1271 1793 1419 1838 ἀρίστου.
1450 1796 1513 1826 εἴτε
1536 1793 1577 1835 δὴ
1600 1795 1680 1830 νοῦς

266 1850 364 1881 τοῦτο
388 1851 452 1882 εἴτε
475 1846 556 1881 αλλο
579 1861 621 1889 τι,
644 1847 664 1881 ὃ
680 1845 721 1890 δὴ
738 1848 822 1881 κατὰ
839 1847 944 1892 φύσιν
961 1845 1085 1881 δοκεῖ’
1070 1845 1186 1891 α’ρχειν
1202 1850 1259 1879 καὶ
1280 1846 1439 1890 ἡγεῖσθαι
1462 1849 1520 1879 καὶ
1543 1848 1678 1882 ἔννοιαν

263 1902 352 1944 ἔχειν
374 1904 452 1946 περὶ
474 1904 587 1936 καλῶν
609 1905 667 1935 καὶ
689 1905 803 1944 θείων,
830 1905 894 1935 εἴτε
923 1905 1018 1935 θεῖον
1046 1899 1086 1935 ὂν
1108 1903 1165 1934 καὶ
1188 1900 1267 1933 αὐτὸ
1291 1904 1354 1934 εἴτε
1376 1902 1442 1934 τῶν
1472 1902 1509 1935 ἐν
1537 1900 1617 1944 ἡμῖν
1640 1901 1677 1934 τὸ

264 1953 454 1997 θειότατον,
476 1955 495 1998 ἡ
520 1955 639 1989 τούτου
663 1957 812 1999 ἐνέργεια
836 1955 920 1989 κατὰ
943 1954 1002 1995 τὴν
1026 1958 1153 1988 οἰκείαν
1176 1953 1296 1997 ἀρετὴν
1319 1957 1368 1995 εἴη
1393 1952 1436 1988 ἂν
1459 1953 1477 1995 ἦ
1499 1958 1606 1988 τελεία
1625 1955 1680 1988 εὑ·

264 2009 439 2053 δαιμονία.
463 2009 514 2043 δτι
536 2008 570 2042 δ’
597 2010 667 2043 ἐστὶ
690 2008 885 2054 θεωρητική,
909 2013 1044 2052 εἴρηται.
1067 2006 1347 2052 ῥιολογούμενον
1371 2008 1408 2040 δὲ
1431 2007 1523 2040 τοῦτ’
1553 2007 1595 2042 ἂν
1618 2008 1679 2042 δό-

263 2065 349 2099 ξειεν
370 2063 455 2108 εἶναι
478 2066 536 2096 καὶ
557 2068 625 2099 τοῖς
647 2061 812 2106 πρότερον
834 2065 892 2094 καὶ
912 2064 958 2104 τῷ
981 2062 1107 2103 ἀληθεῖ.
1137 2064 1294 2104 κρατίστη
1323 2073 1357 2094 τε
1387 2062 1453 2105 γὰρ
1483 2062 1564 2103 αῦτη
1588 2064 1678 2098 ἐστὶν

261 2115 282 2157 ἡ
305 2117 467 2161 ἐνέργεια·
489 2119 546 2149 καὶ
568 2116 634 2161 γὰρ
657 2115 674 2149 ὁ
698 2117 778 2151 νοῦς
797 2117 864 2149 τῶν
884 2116 921 2149 ἐν
941 2114 1033 2159 ἡμῖν’,
1061 2117 1119 2148 καὶ
1140 2118 1206 2159 τῶν
1228 2118 1402 2159 γνωστῶν,
1424 2119 1502 2161 περὶ
1516 2116 1539 2149 ἃ
1554 2117 1571 2150 ὁ
1588 2119 1678 2155 νοῦς·

264 2172 311 2204 ἔτι
334 2171 374 2203 δὲ
396 2169 627 2213 συνεχεστάτη·
651 2172 792 2211 θεωρεῖν
815 2180 849 2201 τε
869 2168 936 2211 γὰρ
960 2167 1141 2212 δυνάμεθα
1165 2172 1313 2212 συνεχῶς
1334 2172 1466 2214 μᾶλλον
1481 2168 1501 2211 ἢ
1517 2170 1675 2214 πράττειν

262 2223 386 2266 ὁτιοῦν,
428 2222 569 2268 οἰόμεθά
605 2235 638 2256 τε
670 2223 741 2256 δεῖν
769 2220 895 2263 ἡδονὴν
925 2226 1189 2267 παραμεμῖχθαι
1224 2225 1263 2269 τῇ
1299 2224 1517 2268 εὐδαιμονίᾳ,
1557 2224 1675 2268 ἡδίστη

263 2281 303 2313 δὲ
324 2282 390 2314 τῶν
413 2277 487 2312 κατ’
517 2277 637 2321 ἀρετὴν
667 2277 842 2320 ἐνεργειῶν
863 2275 883 2317 ἡ
906 2275 991 2309 κατὰ
1018 2277 1079 2319 τὴν
1108 2281 1238 2322 σοφίαν
1265 2277 1546 2322 ὁμολογουμένως
1573 2279 1674 2317 ἐστίν·

262 2334 358 2366 δοκεῖ
383 2334 468 2376 γοῦν
497 2332 516 2373 ἡ
547 2334 737 2376 φιλοσοφία
774 2331 974 2376 θαυμαστὰς
1007 2329 1135 2372 ἡδονὰς
1171 2332 1260 2375 ἔχειν
1295 2333 1513 2375 καθαριότητι
1542 2336 1601 2366 καὶ
1630 2336 1674 2376 τῷ

260 2389 383 2428 βεβαίῳ
407 2411 414 2419 .
439 2410 446 2418 .
472 2410 479 2418 .
505 2410 513 2418 .
535 2384 557 2427 ἢ
578 2397 613 2418 τε
640 2387 804 2428 λεγομένη
834 2383 1013 2426 αὐτάρκεια
1043 2388 1122 2430 περὶ
1149 2385 1208 2427 τὴν
1235 2387 1442 2430 θεωρητικὴν
1468 2387 1605 2430 μάλιστ’
1631 2386 1674 2422 ἂν

262 2436 323 2481 εἴη·
346 2440 412 2472 τῶν
434 2439 499 2483 μὲν
526 2438 594 2483 γὰρ
624 2437 709 2479 πρὸς
736 2438 773 2471 τὸ
804 2440 859 2480 ζῆν
888 2438 1087 2480 ἀναγκαίων
1111 2441 1168 2471 καὶ
1199 2439 1307 2483 σοφὰς
1329 2442 1387 2472 καὶ
1410 2441 1538 2477 δίκαιος
1560 2442 1618 2473 καὶ
1641 2443 1674 2473 οἱ

262 2496 375 2527 λοιποὶ
404 2494 557 2533 δέονται,
588 2496 658 2529 τοῖς
689 2493 726 2526 δὲ
755 2492 916 2530 τοιούτοις
946 2494 1070 2530 ἱκανῶς
1099 2497 1376 2538 κεχορηγημένων
1405 2493 1421 2527 ὁ
1450 2495 1515 2538 μὲν
1543 2494 1674 2532 δίκαιος

262 2548 368 2580 δεῖται
391 2546 475 2589 πρὸς
503 2545 560 2582 οῦς
588 2545 868 2589 δικαιοπραγήσει
896 2548 953 2578 καὶ
980 2545 1063 2589 μεθ’
1090 2540 1148 2588 ὧν,
1179 2547 1302 2592 ὁμοίως
1334 2548 1372 2579 δὲ
1404 2551 1461 2580 καὶ
1484 2547 1501 2580 ὁ
1526 2547 1675 2593 σώφρων

262 2603 319 2634 καὶ
341 2599 358 2634 ὁ
384 2597 540 2642 ἀνδρεῖος
567 2602 623 2632 καὶ
652 2602 718 2634 τῶν
746 2597 856 2634 ἄλλων
884 2600 1038 2640 ἕκαστος,
1070 2599 1087 2634 ὁ
1113 2602 1152 2634 δὲ
1175 2601 1282 2645 σοφὸς
1312 2604 1370 2634 καὶ
1393 2600 1473 2635 καθ’
1500 2600 1603 2637 αὑτὸν
1627 2600 1674 2638 ὢν

262 2654 404 2690 δύναται
425 2658 578 2700 θεωρεῖν,
602 2657 659 2688 καὶ
683 2654 751 2698 ὅσῳ
774 2652 815 2690 ἄν
840 2653 1031 2700 σοφώτερος
1050 2652 1084 2700 ᾖ,
1105 2658 1250 2699 μᾶλλον.
