1837 3017
773 144 1026 184 -71-

198 250 338 298 bene,
364 262 503 302 quam
527 261 612 289 nos
631 261 996 302 nonnumquam,
1025 247 1139 290 deus
1166 260 1354 302 semper
1373 259 1421 287 se
1438 246 1599 298 habet,

199 314 505 363 admirabile3
546 314 620 353 sin
661 320 816 353 autem
855 315 1023 366 magis,
1073 316 1213 354 etiam
1253 313 1596 353 admirabilius.

197 380 358 422 Habet
383 386 538 420 autem
558 393 606 419 se
624 380 712 420 hoc
738 381 882 421 modo.
924 381 1084 433 Atque
1103 382 1203 421 vita
1231 379 1465 434 suppetit,
1494 394 1596 419 nam

194 446 474 488 intellectus
501 452 632 487 actus
660 453 733 485 est
757 447 875 498 vita3
903 448 988 486 ille
1008 453 1165 489 autem
1190 454 1261 487 est
1280 454 1435 498 actus3
1464 451 1597 485 actus

195 520 351 553 autem
387 512 466 566 qui
494 526 585 565 per
617 527 665 553 se
700 520 770 553 est
809 513 946 553 illius
979 514 1079 552 vita
1118 520 1190 552 est
1234 515 1409 567 optima
1429 519 1596 566 atque

195 585 402 622 aeterna.
456 580 668 623 Dicimus
702 580 855 634 igitur
890 578 1014 633 (libri:
1048 580 1181 634 φαμὲν
1208 580 1272 632 δέ,
1307 580 1508 622 Bonitzius
1537 595 1597 620 su-

193 646 366 700 spicatur
399 647 649 690 scribendum
683 660 787 687 esse:
828 647 962 700 φαμὲν
995 644 1067 700 δή,
1109 637 1212 701 quod
1246 649 1357 688 nobis
1392 661 1477 688 esse
1509 661 1594 701 pro-

192 713 365 756 bandum
384 714 570 766 videtur),
599 715 733 754 deum
752 728 859 754 esse
878 715 1053 754 animal
1071 722 1329 764 aeternum,
1350 713 1591 768 optimum,

191 781 260 821 ita
285 786 335 822 ut
366 782 466 822 vita
502 783 732 827 continua
765 789 810 822 et
841 789 1048 822 aeterna
1081 790 1308 836 suppetat
1337 782 1445 833 de03
1477 782 1591 823 talis

193 847 313 889 enim
341 848 458 889 deus
486 852 593 890 est.“

294 915 494 955 Describit
519 916 640 969 igitur
663 917 895 957 Aristoteles
924 917 986 956 dei
1015 916 1133 955 vitam
1162 930 1260 965 eam,
1292 930 1393 969 quae
1419 923 1593 955 versetur

191 981 229 1021 in
250 982 527 1035 speculatione.
572 983 677 1031 Quid
695 991 825 1025 autem
849 984 1006 1035 cogitet,
1037 983 1207 1034 explicat
1224 987 1282 1031 Λ,
1302 985 1339 1022 9.
1363 984 1461 1023 1074
1478 984 1503 1023 b
1522 984 1592 1023 33:

193 1044 317 1091 αὑτὸν
345 1044 424 1103 ἄρα
451 1053 554 1099 νοεῖ,
584 1048 702 1104 εἴπερ
729 1050 815 1092 ἐστὶ
839 1050 887 1092 τὸ
915 1047 1139 1103 κράτιστον,
1175 1049 1242 1091 καὶ
1269 1047 1377 1091 ἔστιν
1403 1047 1427 1104 ἦ
1455 1047 1593 1103 νόησις

190 1113 539 1170 νοήσεωςψόησις,
572 1124 720 1167 „semet
738 1118 865 1169 ipsum
885 1118 1004 1170 igitur
1024 1118 1168 1169 cogitat
1186 1118 1407 1158 intellectus
1426 1118 1592 1167 divinus,

192 1184 381 1237 siquidem
410 1185 600 1237 optimum
628 1192 702 1235 est,
735 1192 774 1225 et
801 1186 985 1238 cogitatio
1014 1191 1073 1224 est
1100 1184 1342 1238 cogitationis
1372 1185 1591 1236 cogitatio.“

191 1249 306 1300 Quod
333 1251 426 1306 quid
455 1251 528 1291 sibi
557 1251 661 1302 velit,
690 1267 842 1293 summa
870 1252 1071 1292 doctorum
1099 1251 1298 1292 hominum
1319 1258 1378 1291 est
1402 1251 1589 1291 dubitatio

189 1320 546 1373 sententiarumque
575 1316 848 1373 discrepantia.
903 1320 1141 1374 Expeditum
1169 1324 1298 1359 autem
1327 1319 1373 1358 iri
1401 1318 1591 1372 quaestio·

188 1400 277 1425 nem
305 1386 550 1439 arbitramur,
578 1387 610 1427 si
629 1388 842 1427 cuiusmodi
868 1388 1060 1427 humanae
1084 1386 1224 1426 mentis
1243 1386 1292 1425 sit
1311 1386 1450 1426 suimet
1467 1386 1589 1439 ipsius

189 1453 376 1507 cogitatio
404 1453 725 1497 intellexerimus.
771 1455 873 1495 Nam
901 1468 1085 1507 magnam
1113 1453 1404 1494 similitudinem
1431 1467 1481 1493 ex
1503 1453 1588 1492 Ari—

189 1520 341 1560 stotelis
375 1524 570 1560 sententia
609 1521 710 1561 inter
751 1527 920 1564 mentem
956 1521 1128 1567 divinam
1163 1526 1202 1561 et
1233 1521 1442 1560 humanam
1475 1520 1590 1559 inter-

190 1587 327 1629 cedere
355 1589 626 1639 cognoscimus
644 1595 683 1628 et
702 1604 752 1628 ex
771 1589 817 1628 iis
837 1603 938 1641 quae
957 1589 1085 1627 locum
1104 1589 1297 1640 prolatum
1321 1594 1535 1639 sequuntur
1548 1587 1589 1638 ¹),

189 1660 228 1694 et
255 1668 306 1694 ex
332 1654 418 1695 loco
448 1654 586 1707 capitis
614 1655 770 1708 septimi
799 1655 846 1694 de
874 1669 950 1707 quo
978 1654 1092 1694 modo
1112 1654 1281 1706 egimus3
1309 1668 1437 1707 neque
1463 1653 1589 1693 minus

189 1736 239 1762 ex
266 1721 396 1762 multis
424 1721 508 1761 aliis
536 1721 858 1761 Aristoteleorum
886 1721 1073 1761 librorum
1099 1721 1194 1760 locis
1221 1721 1261 1760 id
1287 1726 1482 1777 apparet4
1513 1721 1588 1760 Ita·

188 1802 263 1843 que
297 1794 342 1828 ut
373 1788 672 1842 perspiciamus,
715 1801 815 1842 quae
849 1789 899 1828 sit
933 1788 1053 1828 divini
1087 1788 1306 1828 intellectus
1342 1786 1587 1839 cogitationis

187 1844 388 1909 cogitatio,
416 1855 538 1895 satius
567 1869 651 1895 esse
680 1856 853 1896 ducimus
882 1862 997 1896 antea
1026 1869 1126 1909 quae
1153 1855 1203 1894 sit
1229 1855 1421 1895 humanae
1448 1855 1588 1895 mentis

191 1923 375 1976 cogitatio
405 1923 463 1962 sui
490 1923 611 1976 ipsius
636 1923 885 1975 investigare.

186 2076 274 2116 poris
304 2077 443 2115 spatium
472 2077 670 2114 conceditur3
700 2087 773 2108 nam
803 2078 898 2107 etiam
925 2077 1122 2115 voluptatem
1150 2080 1258 2114 nctus,
1289 2087 1352 2116 quo
1382 2077 1437 2107 ille
1466 2087 1588 2117 semper

188 2132 301 2171 utitur,
324 2132 414 2163 affert
436 2131 456 2162 b
475 2133 608 2162 14—17.
653 2131 721 2163 Iam
743 2131 857 2162 transit
879 2130 919 2162 ad
941 2134 1031 2161 actus
1053 2130 1139 2161 vitae
1170 2129 1345 2169 humanae,
1375 2135 1412 2161 ut
1437 2141 1519 2172 quae
1545 2132 1588 2162 sit

186 2186 306 2224 optimu
333 2190 442 2216 nostru
469 2186 539 2215 vita
565 2186 720 2226 explicet,
755 2186 811 2215 καὶ
840 2183 895 2214 διὰ
928 2184 1024 2214 τοῦτο
1059 2182 1257 2224 ἐγρήγορσις
1290 2186 1446 2222 αἴσθησις
1475 2183 1588 2223 νόησις

186 2234 323 2276 ἥδιστον
345 2237 365 2268 b
386 2240 433 2268 17.
461 2239 509 2268 18.
555 2238 802 2275 Summus.vero
826 2237 964 2268 hominis
987 2240 1078 2268 actus
1101 2240 1149 2268 est
1172 2246 1295 2268 summa
1318 2238 1482 2278 cogitatio,
1505 2234 1524 2277 ἡ
1548 2236 1587 2268 δὲ

186 2289 300 2330 νόησις
322 2288 341 2330 ἡ
364 2288 445 2321 καθ’
472 2287 576 2329 αὐτὴν
598 2292 658 2322 τοῦ
681 2290 761 2322 καθ’
788 2289 867 2322 αὑτὸ
892 2288 1043 2331 ἀρίσιου,
1072 2292 1127 2321 καὶ
1149 2288 1168 2329 ἡ
1189 2289 1335 2332 μάλιστα
1359 2292 1417 2321 τοῦ
1440 2289 1585 2332 μάλιστα

188 2344 210 2376 b
229 2345 278 2375 18.
324 2343 414 2382 Quae
436 2344 592 2384 quomodo
614 2345 687 2384 fiat,
718 2345 856 2385 explicat
878 2343 898 2375 b
915 2346 1060 2383 20—23,
1088 2344 1237 2384 additque
1266 2346 1494 2375 suavissimum
1517 2354 1585 2375 esm

190 2408 261 2430 esse
282 2401 313 2428 et
335 2399 502 2437 optimum,
526 2400 610 2438 quod
632 2399 815 2430 hominibus
838 2399 1016 2438 contingat,
1046 2399 1102 2430 καὶ
1124 2395 1142 2437 ἡ
1165 2399 1290 2437 θεωρία
1312 2396 1348 2429 τὸ
1371 2396 1508 2437 ἣδιστον
1529 2399 1586 2429 καὶ

193 2445 331 2493 ἄριστον
354 2449 374 2481 b
391 2452 441 2480 24.
479 2451 549 2490 Quo
571 2452 654 2483 facto
677 2460 819 2483 summae
843 2450 1036 2483 beatitudini
1058 2452 1214 2483 humanae
1228 2452 1328 2482 vitam
1345 2455 1504 2491 comparat
1526 2451 1588 2490 dei,

190 2506 219 2537 εἰ
241 2499 303 2537 οὖν
325 2500 428 2539 οὕτως
450 2499 486 2536 εὖ
511 2504 590 2545 ἔχει,
614 2502 656 2541 ὠς
670 2503 763 2548 ἡμεῖς
785 2506 883 2544 ποτέ,
907 2502 924 2536 ὀ
942 2504 1020 2541 θεὸς
1039 2504 1102 2546 ἀεί,
1123 2502 1330 2547 θαυμαστόν·
1353 2506 1382 2536 εἰ
1396 2504 1588 2547 δὲμᾶλλον,

191 2557 237 2589 ἔτι
260 2555 545 2600 θαυμασιώτερον.
569 2557 637 2598 ἔχει
660 2558 695 2590 δὲ
721 2557 785 2589 ὡδί
804 2559 825 2590 b
843 2560 978 2590 24-26.

282 2612 306 2652 ²)
330 2611 377 2642 Cf.
401 2620 427 2642 c.
451 2612 479 2642 9.
506 2612 623 2643 1074b
641 2613 679 2643 35
691 2621 760 2652 sqq.
