1837 3017
787 184 1065 222 —111-

214 306 334 346 quam
369 290 454 330 vult
490 289 697 337 efficiatur,
733 300 831 340 opus
865 300 952 326 esse
989 288 1216 327 mutatione.
1271 287 1319 326 In
1355 300 1433 339 quo
1468 300 1539 338 per
1574 301 1630 337 se,

214 357 427 400 dummodo
474 356 640 397 exsistat
681 353 877 394 sententia
917 360 1022 407 apta,
1065 369 1142 395 non
1184 353 1432 403 offendimur,
1481 353 1630 394 etiamsi

213 438 349 467 omnes
384 424 541 465 codices
575 423 678 463 inter
713 435 755 461 se
793 421 1042 461 consentiunt
1069 436 1197 475 neque
1226 422 1389 462 credere
1414 420 1508 461 licet
1535 435 1632 461 eom·

212 498 451 533 mentatores
486 496 641 530 veteres
674 489 713 528 in
748 487 859 528 libris
892 488 1035 541 quibus
1076 489 1137 528 usi
1172 495 1263 529 sunt
1297 489 1374 528 alia
1408 495 1528 542 atque
1560 503 1632 528 nos

212 558 421 611 reperisse.
489 557 607 596 Ponit
654 562 784 595 autem
834 554 1112 608 Schweglerus
1166 569 1237 608 pro
1286 551 1393 595 ἄλλα
1439 555 1632 595 vocabulo

213 621 355 672 τόἰλλα,
384 625 527 678 quibus
555 638 618 663 res
645 637 779 662 omnes
810 636 913 675 quae
941 623 1042 662 hanc
1070 635 1202 662 rerum
1221 624 1515 662 universitatem
1547 637 1634 662 con-

212 693 347 733 ficiant
374 691 457 732 vult
484 690 714 743 significari.
770 689 851 731 Sed
885 703 935 729 ne
964 696 1048 729 tum
1079 688 1238 743 quidem
1266 689 1441 744 intellegi
1469 692 1633 744 possunt

211 775 275 800 res
309 774 359 800 ex
398 759 540 812 quibus
576 758 744 798 mundus
780 763 948 797 constat.
1004 757 1214 805 Quomodo
1249 759 1350 797 enim
1386 760 1472 811 quis
1501 759 1632 797 dicere

212 833 359 881 potest:
390 826 471 879 „uti
490 825 529 865 in
551 826 666 866 domo
692 826 717 865 ii
740 839 761 864 e
781 824 923 879 quibus
944 831 1110 875 constat,
1137 826 1194 865 sic
1222 826 1339 865 etiam
1368 839 1431 865 res
1457 826 1632 880 reliquae

212 907 255 933 se
288 893 473 941 habent“,
511 893 543 932 si
573 908 635 933 res
664 894 795 933 dicere
825 893 908 932 vult
936 905 1037 945 quae
1066 886 1169 932 liunc
1205 893 1394 932 mundum
1430 893 1633 933 efficiunt?

212 960 356 1013 Neque
385 960 459 1000 hac
485 961 570 999 sola
598 960 814 1000 mutatione
843 973 940 1013 opus
979 966 1039 1000 est
1065 959 1333 1013 Schweglero.
1391 960 1500 999 Vidit
1527 960 1631 1000 enim

212 1028 369 1068 obstare
397 1027 712 1081 interpretationi
740 1041 835 1067 suae
863 1027 1136 1068 enunciatum:
1175 1026 1279 1081 λέγω
1308 1024 1350 1068 δ’
1382 1022 1470 1068 οἷον
1499 1024 1560 1075 εἷς
1585 1042 1632 1077 γε

210 1093 258 1134 τὸ
287 1095 560 1148 διακριθῆναι
597 1091 750 1148 ἀνάγκη
785 1091 943 1135 ἅπασιν
976 1093 1134 1143 ἐλθεῖν,
1172 1095 1203 1134 si
1241 1109 1330 1134 eum
1370 1109 1486 1149 quem
1526 1109 1630 1135 nunc

210 1163 340 1203 locum
368 1162 530 1212 obtinet,
561 1164 747 1217 quocirca
766 1162 987 1215 transponit
1005 1169 1094 1216 post
1114 1163 1254 1203 verba:
1282 1163 1352 1204 καὶ
1375 1158 1481 1203 ἶίλλα
1501 1161 1631 1211 οὕτως

212 1229 320 1271 ἐστὶν
355 1223 412 1270 ὦν
445 1233 634 1271 κοινωνεῖ
664 1228 829 1271 ἅπαντα
857 1227 915 1277 εἷς
940 1229 987 1270 τὸ
1016 1228 1127 1270 ὅλον.
1184 1230 1312 1279 Quam
1340 1231 1625 1282 traiectionem‚

212 1298 392 1353 quamvis
436 1305 571 1339 contra
611 1313 746 1339 omnes
788 1298 944 1339 codices
978 1305 1017 1338 et
1051 1305 1404 1339 commentatorum
1448 1305 1626 1339 veterum

210 1366 554 1421 interpretationes
571 1367 633 1417 sit,
662 1373 794 1407 tamen
815 1366 931 1406 facile
950 1366 1200 1406 concedimus
1221 1365 1489 1418 Schweglero,
1513 1367 1629 1407 modo

210 1434 286 1474 ista
312 1434 462 1474 ratione
490 1434 599 1473 locus
626 1439 718 1486 apte
737 1433 970 1487 explicetur.
1011 1433 1262 1486 Inquiramus
1281 1433 1402 1485 igitur
1419 1434 1459 1473 in
1479 1441 1631 1475 senten·

210 1504 305 1543 tiam
344 1515 465 1555 quae,
500 1500 797 1553 Schweglerum
834 1501 867 1540 si
903 1500 1122 1554 sequimur,
1164 1501 1330 1543 exsistit.
1385 1501 1460 1541 Est
1499 1509 1630 1542 autem

212 1570 329 1609 haee:
364 1567 709 1616 Quemadmodum
746 1568 786 1607 in
822 1567 971 1607 familia
1004 1568 1139 1607 variae
1167 1568 1249 1607 eius
1287 1574 1420 1621 partes
1446 1568 1555 1608 varie
1582 1569 1632 1607 ad

213 1637 381 1677 salutem
400 1650 650 1676 communem
663 1636 881 1685 conferunt,
902 1635 958 1675 sic
974 1634 1091 1675 etiam
1111 1635 1151 1675 in
1169 1636 1244 1675 hoc
1263 1635 1408 1675 mundo
1423 1649 1486 1675 res
1497 1650 1632 1676 omnes

212 1706 314 1744 inter
351 1717 393 1743 se
428 1703 661 1742 coniunctae
696 1708 805 1752 sunt,
841 1709 884 1742 ut
918 1702 1019 1742 hanc
1053 1716 1185 1743 rerum
1219 1702 1515 1742 universitatem
1552 1703 1631 1742 effi-

213 1771 318 1812 ciant
346 1777 384 1810 et
412 1776 660 1809 conservent.
706 1770 883 1810 Necesse
911 1770 1016 1810 enim
1046 1777 1105 1810 est
1139 1783 1273 1810 omnes
1300 1769 1403 1809 inter
1430 1784 1472 1809 se
1501 1783 1631 1822 segre·

211 1845 355 1893 gentur
391 1844 431 1877 et
463 1837 733 1891 disponantur.
785 1837 896 1891 (Ipse
929 1837 970 1877 in
998 1837 1278 1879 commentario
1313 1836 1386 1877 ait:
1428 1850 1495 1888 „es
1522 1851 1629 1877 muss

215 1906 310 1946 alles
330 1920 400 1945 zur
419 1904 659 1957 Sonderung
679 1904 760 1944 und
784 1904 1033 1958 Gliederung
1059 1905 1301 1957 kommen“).
1345 1905 1442 1951 Iam,
1470 1918 1629 1958 quaeso,

213 1989 408 2029 quaenam
428 1980 488 2014 est
507 1971 748 2027 comparatio
768 1973 886 2013 haec:
912 1972 1251 2022 Quemadmodum
1271 1975 1311 2012 in
1331 1973 1477 2013 familia
1498 1973 1629 2015 variae

214 2041 298 2081 eius
325 2047 458 2095 partes
486 2040 596 2080 varie
623 2040 674 2079 ad
702 2041 868 2081 salutem
898 2054 1146 2081 communem
1175 2040 1393 2090 conferunt,
1427 2041 1482 2080 sic
1510 2042 1628 2082 etiam

213 2109 253 2149 in
282 2108 427 2149 mundo
455 2122 518 2149 res
547 2122 683 2148 omnes
711 2108 814 2148 inter
842 2123 884 2148 se
913 2110 1146 2149 coniunctae
1174 2114 1276 2157 sunt,
1305 2114 1347 2147 ut
1374 2108 1447 2147 hoc
1475 2109 1628 2149 univer-

214 2191 301 2217 sum
338 2175 509 2216 efficiant
543 2181 582 2215 et
615 2176 879 2215 conservent?
932 2176 1055 2215 Deest
1097 2175 1201 2214 enim
1241 2174 1280 2213 in
1323 2174 1483 2227 apodosi
1520 2177 1628 2216 notio

213 2243 427 2294 varietatis,
448 2249 567 2296 atque
588 2242 638 2282 ob
659 2243 761 2283 hanc
779 2258 938 2284 causam
958 2243 1176 2283 sententiae
1195 2242 1296 2282 inter
1315 2256 1356 2281 se
1375 2256 1452 2281 non
1472 2258 1629 2297 respon-

214 2311 321 2351 dent.
376 2311 560 2351 Profecto
605 2312 942 2364 comparationem
982 2317 1186 2365 tantopere
1229 2310 1514 2351 claudicantem
1543 2312 1630 2351 Ari-

214 2379 345 2419 stoteli
375 2378 528 2418 crimini
556 2378 649 2418 dare
677 2393 755 2418 non
784 2393 1003 2432 possumus.
1060 2380 1200 2431 Neque
1228 2378 1356 2417 minus
1383 2378 1630 2432 improbatur

213 2447 314 2487 ratio
350 2459 451 2499 quae
485 2447 713 2499 enunciato:
752 2445 855 2499 λέγω
891 2442 930 2486 δ’
967 2440 1057 2486 οἷον
1091 2443 1152 2495 εἴς
1188 2461 1235 2497 γε
1271 2444 1319 2486 τὸ
1355 2446 1625 2501 διακριθῆναι

215 2510 367 2567 ἀνάγκη
402 2511 559 2553 ἅπασιν
588 2511 728 2554 ἐλθεῖν
761 2514 800 2553 in
838 2527 884 2552 eo
922 2527 1037 2565 quem
1073 2513 1209 2553 tribuit
1238 2514 1514 2566 Schweglerus
1541 2516 1629 2555 loco

216 2595 303 2622 cum
331 2579 528 2634 prioribus
556 2580 775 2620 intercedit.
818 2580 976 2620 Etenim
1006 2594 1093 2620 cum
1122 2580 1160 2620 in
1189 2582 1471 2622 sententiarum
1492 2584 1631 2624 cohae-

214 2648 341 2689 rentia
369 2662 487 2702 quam
516 2646 791 2702 Schweglerus
820 2648 956 2688 statuit
983 2647 1087 2702 λέγω
1107 2645 1149 2690 δ’
1172 2643 1262 2691 οἷον
1281 2650 1447 2691 formula
1475 2652 1631 2705 signum
