1837 3017
826 182 1079 224 ,36-

245 287 362 328 anim.
381 288 436 338 II,
465 288 502 329 4.
530 286 703 328 415b2:
731 286 778 329 τὸ
807 284 847 329 δ’
879 281 928 329 οὗ
955 285 1070 329 ἕνεκα
1097 285 1247 339 διττόν,
1274 289 1322 331 τὸ
1349 289 1424 342 μὲν
1451 283 1512 339 οὗ,
1539 289 1587 332 τὸ
1614 289 1661 332 δὲ

244 348 290 411 ᾦ.
320 353 459 411 ὥσπερ
495 355 570 410 γὰρ
608 354 678 397 καὶ
710 353 752 398 ἐν
784 360 869 406 τοῖς
891 353 1086 405 Ἠθικοῖς
1119 356 1187 410 (cf.
1216 356 1398 399 Braudis.
1434 358 1483 399 de
1513 359 1661 400 Aristo-

243 425 331 464 telis
359 425 466 464 libris
495 423 657 476 perditis
685 439 723 478 p.
741 425 784 478 9)
813 423 991 476 ἐλέγετο,
1028 423 1165 465 διττὸν
1191 425 1238 465 τὸ
1265 425 1401 475 τέλος,
1430 421 1486 474 ὥς
1509 425 1585 476 μὲν
1611 425 1659 467 τὸ

245 487 294 536 οὗ
328 489 588 544 εὐδαιμονία,
631 487 688 542 ὡς
721 491 768 534 δὲ
800 491 847 534 τὸ
881 485 913 547 ᾧ
950 488 1077 543 αὐτὸς
1114 491 1281 542 ἕκαστος
1313 490 1442 549 αὑτῷ
1481 493 1550 535 καὶ
1586 492 1661 549 γὰρ

243 561 315 616 τὴν
348 558 616 611 εὐδαιμονίαν
650 558 703 601 δι’
740 557 864 601 αὑτὸν
898 558 1074 616 αἱρεῖται
1108 560 1176 601 καὶ
1210 559 1315 601 ὥστε
1350 559 1481 615 ἑαυτῷ
1513 558 1662 615 ταύτην

244 626 620 684 περιποιήσασθαι.
663 626 801 682 ὥσπερ
840 628 906 669 καὶ
940 625 1012 670 ἐπὶ
1047 626 1229 683 ἰατρικῆς
1262 622 1314 670 οὗ
1346 629 1421 680 μὲν
1453 624 1478 682 ἡ
1513 625 1661 682 ὖγίεια,

243 692 274 753 ᾧ
308 698 355 739 δὲ
387 699 442 752 τῷ
476 694 686 748 κάμνοντι,
729 695 835 737 οὕτω
878 696 925 738 δὲ
958 696 1027 737 καὶ
1060 694 1102 737 ἐν
1133 698 1184 751 τῇ
1220 693 1345 751 φύσει
1377 695 1451 750 τὴν
1485 694 1662 750 διπλόην

241 763 390 819 ταύτην
417 764 565 805 θετέον
589 766 663 804 τοῦ
688 762 841 812 τέλους,
870 763 940 804 καὶ
968 757 1019 805 οὗ
1043 763 1117 814 μέν
1138 761 1225 804 ἔστι
1247 764 1389 817 ῥητέον
1410 763 1532 805 τοῦτο
1555 760 1662 805 εἶναι

241 833 290 876 τὸ
318 835 438 875 θειον
464 832 533 873 καὶ
560 827 709 881 ἆιδιον,
740 823 773 885 ᾦ
798 830 844 873 δὲ
871 832 991 872 τοῦτο
1021 826 1129 873 εἶναι
1155 830 1203 873 τὸ
1232 828 1414 888 ἔμψυχον
1440 831 1510 873 καὶ
1537 832 1585 873 τὸ
1614 831 1658 874 έν

242 902 414 956 γενέσει’
454 897 585 953 τούτῳ
617 899 692 953 γὰρ
727 902 1004 953 περιποιῆσαι
1034 897 1230 952 βούλεται
1262 897 1400 941 εικόνα
1439 896 1661 971 θειότητος

242 970 311 1012 καὶ
338 966 571 1023 ἀιδιότητος
596 963 621 1022 ἡ
651 964 778 1022 φύσις
805 964 906 1009 καθ’
939 965 1036 1010 ὅσον
1063 966 1289 1020 δύναταιῑ).

345 1037 455 1078 Finis
483 1037 602 1090 igitur
637 1051 725 1075 cum
759 1042 798 1075 et
825 1050 897 1089 per
924 1049 966 1075 se
995 1043 1035 1076 et
1061 1037 1118 1076 rei
1146 1037 1291 1076 bonum
1324 1036 1391 1088 sit,
1429 1050 1493 1076 res
1522 1050 1658 1077 omnes

242 1121 330 1146 eum
359 1110 552 1159 appetunt
580 1110 699 1156 atque
727 1104 888 1143 student
916 1104 1085 1156 assequi.
1144 1103 1245 1143 Cum
1278 1109 1408 1142 autem
1438 1117 1568 1143 rerum
1594 1118 1660 1143 na-

241 1180 353 1214 turae
381 1172 458 1211 sint
485 1170 628 1220 variae,
658 1169 756 1209 fines
780 1184 936 1223 quoque
958 1184 1056 1223 quos
1077 1176 1368 1223 persequuntur
1394 1175 1439 1210 ut
1465 1171 1543 1210 sint
1561 1170 1660 1209 varii

241 1236 463 1290 efficstur').
502 1238 636 1290 Atque
664 1237 714 1275 ob
736 1237 899 1276 eandem
928 1251 1085 1277 causam
1114 1237 1231 1276 variis
1259 1243 1421 1276 utuntur
1449 1237 1566 1276 etiam
1594 1251 1660 1276 vo-

240 1305 469 1360 luptatibus,
523 1305 629 1344 Nam
665 1304 849 1357 voluptas
878 1319 899 1343 e
935 1304 1013 1343 fine
1050 1309 1142 1357 apta
1176 1319 1223 1344 ae
1259 1319 1449 1358 suspensa
1485 1310 1554 1345 est.
1609 1304 1658 1343 In

241 1387 360 1428 opere
406 1373 527 1426 igitur
575 1386 644 1411 suo
693 1371 999 1425 uniuscuiusque
1041 1372 1096 1411 rei
1146 1372 1329 1425 voluptas
1370 1371 1500 1426 posita
1543 1371 1657 1423 est').

243 1443 432 1482 Attamen
461 1446 603 1490 actum,
633 1438 738 1493 quod
766 1439 843 1479 iam
873 1438 1055 1490 vidimus,
1092 1452 1227 1480 omnes
1256 1445 1460 1495 appetunt.
1515 1439 1658 1493 Neque

242 1510 283 1548 id
309 1514 507 1562 repugnat
533 1508 629 1546 loeis
649 1506 897 1545 Aristotel-eis
918 1520 1015 1559 quos
1043 1507 1161 1546 modo
1190 1507 1401 1556 attulimus,
1432 1521 1520 1546 cum
1548 1513 1657 1545 actus

243 1588 379 1616 omnes
407 1586 554 1629 genere
583 1572 739 1626 quidem
770 1573 847 1612 sint
873 1572 1003 1624 iidem,
1032 1574 1212 1626 quamvis
1240 1574 1371 1627 specie
1398 1573 1501 1613 inter
1525 1586 1567 1612 se
1589 1572 1659 1612 dif-

240 1644 379 1684 ferant.
433 1643 520 1681 Iam
548 1655 637 1681 cum
664 1641 713 1679 ad
743 1646 874 1680 actum
894 1653 1031 1680 omnes
1049 1646 1215 1680 naturae
1233 1640 1445 1694 pervenire*
1461 1640 1656 1690 studeant,

239 1711 407 1766 primum
443 1723 579 1750 omnes
614 1713 807 1764 appetunt
842 1707 973 1748 vitam.
1028 1708 1093 1748 Ex
1122 1722 1200 1762 quo
1236 1708 1312 1749 hoc
1340 1722 1497 1762 quoque
1525 1722 1657 1748 conso-

239 1781 384 1830 quitur,
412 1785 455 1816 ut
482 1783 701 1817 sustentare
730 1789 815 1814 eam
844 1776 1028 1815 studeant
1060 1790 1106 1815 ac
1134 1777 1248 1816 tueri.
1302 1777 1408 1815 Nam
1436 1777 1553 1815 etiam
1581 1777 1656 1815 hoc

238 1844 275 1885 in
306 1858 450 1885 causae
476 1843 603 1883 finalis
631 1849 772 1882 natura
798 1843 919 1893 inest,
959 1848 1003 1883 ut
1029 1842 1135 1892 finis,
1170 1843 1238 1883 ubi
1267 1843 1432 1883 effectus
1461 1849 1537 1894 est,
1568 1857 1656 1883 con-

238 1917 430 1960 servetur,
459 1916 648 1962 quantum
679 1910 762 1948 fieri
791 1916 931 1962 potest.
988 1910 1186 1957 Quocirca
1214 1910 1397 1950 animalia
1423 1910 1656 1949 instrumen-

238 1978 288 2019 tis
316 1984 480 2018 utuntur
507 1992 530 2016 a
556 1986 698 2018 natura
732 1976 947 2028 concessis,
985 1977 1126 2031 quibus
1161 1991 1204 2018 se
1231 1977 1280 2018 ab
1309 1977 1459 2019 iniuriis
1486 1978 1654 2032 aliorum

331 2121 351 2161 ¹)
375 2120 422 2152 cf.
448 2119 659 2152 Trendelenb.
684 2119 721 2151 de
744 2120 842 2151 anim.
874 2119 946 2154 libr.
969 2123 1136 2152 comment.
1167 2130 1197 2162 p.
1217 2121 1292 2152 354:
1326 2121 1432 2159 „Illud
1455 2119 1503 2163 (τὸ
1528 2112 1580 2161 οὗ)
1603 2131 1653 2153 res

237 2180 295 2213 est,
320 2186 415 2214 quam
439 2175 594 2213 consequi
618 2174 710 2212 velis,
739 2175 801 2205 hoo
824 2172 872 2211 (ιό
897 2166 935 2214 ᾧ)
959 2175 1051 2212 illud,
1075 2175 1128 2205 cui
1147 2185 1197 2205 res
1220 2185 1315 2214 quam
1339 2179 1530 2207 consecutus
1552 2176 1653 2206 fueris

235 2229 402 2259 inservit.‘

328 2282 350 2318 ¹)
373 2281 447 2311 Eth.
471 2281 554 2313 Eud.
579 2282 604 2318 1,
629 2282 658 2312 8.
692 2281 771 2310 1218
788 2282 877 2311 ⁸30:
904 2279 942 2312 τό
971 2292 1004 2312 τε
1032 2279 1141 2323 φάναι
1169 2278 1280 2312 πάντα
1306 2279 1346 2312 τὰ
1377 2276 1460 2313 ὄντα
1491 2280 1651 2323 ἐφίεσθαι

235 2332 310 2368 ἑνός
330 2343 421 2368 τινος
442 2331 578 2374 ἀγαθοῦ
595 2330 657 2364 οὐκ
679 2329 810 2371 ἀληθές.
834 2332 978 2366 ἕκαστον
992 2332 1059 2376 γὰρ
1078 2333 1168 2365 ἰδίου
1186 2332 1321 2375 ἀγαθοῦ
1337 2331 1499 2376 ὀρέγεται,
1522 2332 1654 2376 ὀφθαλ-

234 2385 299 2431 μὸς
322 2382 444 2429 ὅψεως,
468 2386 566 2429 σῶμα
591 2382 733 2428 bractam
752 2383 855 2421 οὕτως
877 2382 958 2417 ἄλλο
984 2382 1098 2418 ἄλλου.

324 2441 348 2480 ³)
372 2441 448 2473 Eth.
477 2441 546 2474 Nic.
574 2441 620 2478 X,
650 2441 678 2471 5.
708 2442 788 2472 1176
805 2451 824 2472 a
841 2444 875 2473 3:
907 2441 1003 2473 δοκεῖ
1030 2438 1064 2472 δ’
1090 2440 1176 2474 εἶναι
1208 2438 1337 2482 ἑκάστῳ
1364 2439 1435 2482 ζιόῳ
1461 2442 1519 2474 καὶ
1546 2440 1651 2482 ἡδονὴ

236 2495 359 2535 οἰκεία,
391 2491 505 2537 ὥσπερ
528 2495 585 2526 καὶ
608 2494 726 2536 ἔργον·
757 2492 777 2533 ἡ
799 2492 864 2537 γὰρ
888 2493 972 2527 κατὰ
1001 2493 1060 2536 τὴν
1084 2494 1266 2537 ἐνέργειαν.
1295 2495 1352 2526 καὶ
1375 2494 1434 2538 ἐφ’
1459 2493 1588 2536 ἑκάστῳ
1610 2494 1650 2526 δὲ

235 2548 417 2592 θεωροῦντι
440 2547 534 2580 τοῦτ’
558 2544 601 2582 ἄν
625 2550 760 2592 φανείη·
784 2547 877 2590 ἑτέρα
899 2547 965 2593 γὰρ
989 2549 1098 2581 ἵππου
1121 2547 1226 2591 ἡδονὴ
1248 2551 1306 2582 καὶ
1327 2547 1429 2585 κυνὸς
1443 2551 1498 2582 καὶ
1517 2547 1651 2593 ἀνθρώ-

234 2613 312 2641 που,
334 2601 490 2645 καθάπερ
511 2600 723 2645 Ἡράκλειτός
747 2612 851 2644 φησιν
874 2600 956 2637 ὄνον
979 2602 1126 2648 σύρματ·
1151 2601 1194 2637 ἂν
1217 2604 1358 2637 ἑλέσθαι
1378 2605 1512 2648 μᾶλλον
1534 2600 1553 2643 ἢ
1564 2613 1650 2646 χρυ-

234 2653 306 2688 σόν·
329 2653 426 2694 ἥδιον
448 2655 516 2697 γὰρ
536 2657 668 2698 χρυσοῦ
689 2654 799 2697 τροφὴ
822 2652 919 2692 ὄνοις,
