1837 3017
800 165 1052 203 -ῙοΨ

216 270 415 320 Quocirca
442 270 579 309 dentes
608 269 817 321 primores,
846 275 891 308 ut
919 269 1098 308 dividant
1125 282 1255 319 escas,
1290 269 1456 322 perfecit
1483 275 1630 319 acutos,

215 336 375 376 latiores
409 336 688 390 planioresque
720 335 908 385 molares,
945 342 988 376 ut
1025 335 1133 375 cibos
1170 341 1386 375 conterant.
1442 335 1509 376 Sic
1544 335 1632 377 finis

215 404 300 457 ipse
334 405 636 443 instrumentum
675 418 787 443 suum
828 404 1047 454 constituit,
1090 404 1194 457 quod
1235 404 1268 442 si
1306 403 1527 456 perfectum
1562 410 1632 452 est,

216 471 333 511 etiam
362 470 450 510 finis
477 470 565 523 ipse
591 484 635 510 re
665 471 829 511 exsistit.
871 470 1006 511 Veluti
1033 471 1135 511 oculi
1162 470 1250 511 finis
1278 476 1338 511 est
1357 468 1503 521 videre,
1532 484 1633 524 quae

216 538 319 577 actio
346 544 390 577 ut
417 538 658 590 perficiatur,
694 545 835 578 natura
863 544 1047 591 procreat
1074 538 1247 587 oculum,
1275 551 1353 591 quo
1381 538 1487 576 facto
1515 537 1631 577 etiam

217 605 324 644 visus
351 604 465 644 adest
493 611 611 659 atque
638 606 678 645 id
707 606 812 659 quod
840 605 996 645 oculum
1025 605 1281 645 constituerat
1306 605 1384 645 iam
1412 606 1525 645 oculo
1553 605 1634 645 effi·

219 673 331 711 citur.
379 670 522 726 Itaque
551 678 661 713 actus
680 672 841 713 videndi
869 686 964 713 vera
992 672 1094 713 oculi
1112 673 1171 713 vis
1190 686 1237 713 ac
1254 677 1396 713 natura
1416 677 1485 724 est,
1514 686 1632 727 quam

217 739 266 778 ob
296 753 380 778 rem
410 740 557 789 oculus,
586 741 617 778 si
638 754 659 779 e
681 746 784 779 statu
813 741 1018 794 potentiali
1036 741 1075 779 in
1096 746 1226 780 actum
1253 740 1404 790 transit,
1433 740 1482 779 ad
1510 746 1634 779 semet

216 807 345 861 ipsum
374 806 486 861 quasi
515 807 777 861 progreditur,
807 823 895 849 cum
915 822 1027 849 suum
1055 814 1288 863 assequatur
1305 808 1436 849 finem.
1475 808 1634 861 Optime

216 875 337 927 igitur
364 875 598 913 Aristoteles
627 875 735 914 illum
765 877 973 915 transitum
1001 882 1117 915 vocat
1144 874 1335 917 ἐπίδοσιν
1363 874 1421 924 εἷς
1448 872 1549 916 αὖτό
1565 877 1607 927 ²).

321 940 511 982 Videmus
540 941 660 995 igitur
686 942 817 994 finem,
846 944 885 983 h.
902 957 935 983 e.
964 958 1063 997 opus
1084 943 1378 998 exsequendum
1397 943 1635 985 constituere

217 1010 274 1049 rei
302 1015 498 1049 naturam.
553 1009 639 1048 Iam
667 1015 710 1049 ut
737 1010 837 1050 bene
865 1024 928 1050 res
947 1023 1067 1064 opere
1092 1025 1161 1051 suo
1180 1011 1291 1064 fungi
1309 1011 1445 1065 possit,
1474 1024 1634 1050 necesse

218 1084 279 1117 est
308 1077 502 1117 efficiatur
529 1078 746 1118 secundum
774 1078 814 1118 id
842 1079 892 1118 ad
921 1078 1026 1131 quod
1055 1093 1152 1132 opus
1181 1085 1347 1131 spectat.
1401 1078 1469 1119 Sic
1497 1079 1633 1118 dentes

218 1142 540 1183 accommodandi
569 1149 661 1183 sunt
687 1144 940 1195 nutrimento,
980 1158 1057 1198 quo
1087 1144 1231 1184 animal
1258 1158 1418 1184 usurum
1447 1150 1518 1193 est,
1557 1144 1633 1183 luci

217 1211 332 1259 oculi,
362 1224 473 1249 serra
500 1211 631 1262 lignis.
687 1214 821 1265 Atque
849 1213 889 1251 in
915 1212 989 1252 hoc
1009 1212 1168 1265 quidem
1187 1212 1358 1251 maxime
1377 1212 1466 1251 finis
1495 1217 1636 1250 natura

217 1278 402 1328 cernitur,
439 1283 483 1317 ut
510 1292 572 1318 res
600 1278 651 1318 ad
679 1279 786 1319 aliu'd
819 1279 914 1333 quid
952 1279 1217 1319 conformetur
1244 1285 1284 1319 et
1310 1278 1558 1330 instituatur3
1594 1278 1635 1318 id

218 1346 323 1400 quod
358 1345 592 1385 Aristoteles
635 1347 783 1400 optime
825 1347 1020 1387 intellexit
1061 1353 1100 1386 et
1134 1353 1361 1388 constanter
1401 1361 1471 1400 per
1510 1352 1632 1385 totam

219 1413 438 1453 doctrinam
466 1414 653 1452 servavit.
709 1415 852 1467 Itaque
871 1414 1060 1468 cuiusque
1085 1414 1263 1454 animalis
1282 1420 1459 1454 naturam
1488 1428 1638 1453 accom-

218 1480 417 1520 modatam
455 1494 541 1520 esse
583 1482 707 1521 voluit
751 1482 944 1521 elemento
979 1481 1015 1521 ei
1055 1481 1094 1520 in
1130 1496 1207 1534 quo
1241 1482 1361 1521 vivat.
1414 1482 1507 1522 Non
1535 1481 1638 1521 enim

219 1548 394 1602 putavit,
423 1548 566 1588 animal
596 1549 700 1601 quod
727 1549 796 1589 tali
824 1548 940 1589 modo
968 1549 1018 1588 sit
1045 1548 1287 1599 institutum,
1325 1549 1365 1589 in
1392 1548 1461 1588 tali
1490 1548 1636 1601 degere

220 1616 425 1665 elemento,
455 1616 524 1655 sed
554 1616 659 1669 quod
686 1616 725 1656 in
754 1616 821 1656 tali
851 1616 1045 1656 elemento
1073 1617 1246 1656 futurum
1276 1616 1338 1666 sit,
1373 1616 1442 1655 tali
1469 1615 1584 1655 modo
1613 1630 1637 1655 a

218 1689 359 1723 natura
394 1683 629 1723 conformari
667 1690 786 1737 atque
820 1684 985 1724 institui.
1041 1683 1195 1733 Veluti,
1230 1684 1482 1723 Aristotelem
1521 1683 1553 1722 si
1580 1696 1636 1722 se-

217 1751 387 1804 quimur,
417 1750 669 1790 terrestribus
696 1751 960 1791 animantibus
988 1757 1129 1791 natura
1154 1750 1265 1800 ,dedit
1292 1750 1508 1804 pulmones,
1546 1750 1638 1803 quia

218 1819 389 1858 calorem
419 1817 486 1870 qui
512 1817 552 1856 in
582 1831 747 1870 corpore
774 1818 878 1858 inest
904 1818 1175 1871 refrigeraturi
1209 1824 1320 1858 erant
1355 1830 1463 1867 aere,
1501 1822 1637 1856 contra

219 1884 427 1925 branchias
455 1884 628 1937 piscibus
658 1885 805 1939 quippe
841 1899 945 1939 aqua
984 1885 1252 1937 frigefacturis
1263 1884 1306 1936 ²).
1361 1885 1492 1938 Atque
1520 1884 1636 1924 etiam

220 1952 395 2006 alioquin
431 1958 572 1991 natura
610 1953 836 1992 animalium
871 1953 1029 1993 vivendi
1064 1952 1206 1992 rationi
1236 1952 1433 1992 convenit.
1489 1951 1557 1992 Sic
1583 1952 1637 1991 in-

221 2026 418 2060 sectarum
456 2019 672 2059 volucrium
716 2034 786 2060 eae
835 2034 936 2074 quae
979 2019 1211 2060 nutrimenti
1245 2018 1489 2058 adsciscendi
1520 2033 1638 2058 causa

217 2089 305 2128 loca
332 2092 487 2127 mutent
515 2101 561 2126 ac
589 2088 758 2140 migrent
784 2095 959 2142 oportet,
995 2094 1181 2141 quattuor
1207 2087 1277 2126 alis
1305 2086 1519 2126 instructae
1548 2093 1639 2126 sunt

219 2161 339 2208 atque
375 2154 525 2194 leviore
555 2168 718 2208 corpore
753 2162 928 2205 utuntur,
964 2154 1084 2195 veluti
1120 2167 1216 2208 apes
1252 2160 1291 2194 et
1327 2167 1429 2207 quae
1464 2153 1635 2194 eiusdem

219 2228 311 2262 sunt
343 2222 501 2275 generis
515 2222 561 2274 ⁸).
617 2223 771 2263 Pariter
809 2223 910 2264 inter
944 2223 1074 2263 avium
1111 2214 1242 2263 rostra
1270 2221 1497 2262 discrimina
1522 2221 1639 2273 inter-

219 2290 365 2329 cedunt
398 2303 466 2340 ea,
509 2296 552 2329 ut
593 2289 698 2329 vitae
736 2289 850 2329 modo
892 2290 1055 2344 singulis
1096 2289 1307 2343 generibus
1349 2288 1508 2341 proprio
1551 2302 1638 2328 con-

314 2477 334 2518 ¹)
359 2477 408 2508 De
430 2478 527 2509 anim.
551 2478 593 2514 H,
616 2479 648 2508 5.
673 2479 734 2507 417
751 2476 772 2507 b
788 2479 825 2508 6:
856 2478 902 2512 εἰς
926 2476 1007 2509 αὐτὸ
1040 2474 1107 2518 γὰρ
1136 2474 1155 2517 ἡ
1179 2474 1332 2511 ἐπίδοσις
1360 2476 1416 2507 καὶ
1444 2477 1490 2511 εἰς
1512 2474 1638 2508 ἐντελέ-

218 2541 328 2571 χειαν.
374 2530 588 2563 Trendelenb.
614 2533 783 2562 comment.
805 2540 834 2569 p.
854 2533 926 2562 366.

312 2584 335 2623 ²)
358 2584 407 2615 De
429 2587 510 2625 part.
534 2594 586 2615 an.
610 2583 669 2622 111,
695 2585 724 2616 6.
748 2583 792 2616 in.

311 2637 334 2676 ³)
357 2638 394 2670 L.
418 2638 439 2667 1.
462 2638 518 2675 IV,
544 2641 574 2667 6.
599 2639 659 2668 682
677 2636 698 2668 b
715 2638 744 2668 6.
