1837 3017
765 156 1017 195 —49-

183 264 316 300 menta
339 266 433 301 sunt
459 259 626 312 animae,
663 275 781 314 quam
809 260 860 300 ob
886 273 969 300 rem
999 258 1209 313 unicuique
1244 258 1352 297 loeus
1382 258 1594 297 conceden-

183 326 255 366 dus
291 333 350 366 est
382 327 573 368 functioni
612 327 872 381 praestandae
913 327 1090 366 idoneus.
1146 326 1244 367 Cum
1291 331 1424 364 autem
1463 332 1593 377 partes

182 393 359 446 singulae
388 394 681 449 componendae
709 395 787 435 sint
815 394 882 443 ita,
913 400 955 434 ut
984 408 1124 447 eorpus
1151 400 1276 433 totum
1305 400 1397 446 apte
1427 399 1466 431 et
1493 393 1593 432 bene

182 460 422 514 conficiatur,
451 477 710 518 unaquaeque
737 476 829 517 pars
858 461 1084 502 collocanda
1104 468 1164 501 est
1181 461 1422 515 reliquarum
1443 461 1594 501 ratione

182 528 317 570 habita
343 525 529 572 omnium.v
569 530 658 580 Quo
686 530 740 581 fit,
771 536 813 570 ut
843 529 940 570 adeo
969 529 1145 583 partibus
1172 544 1270 583 opus
1299 530 1360 580 sit,
1393 544 1495 584 quae
1524 543 1596 581 per

182 610 224 636 se
262 597 400 638 abesse
438 605 612 653 possunt.
667 597 734 639 Sic
775 597 1024 651 oesophagus
1068 596 1118 637 ad
1157 612 1297 651 corpus
1340 596 1593 638 nutriendum

182 665 277 706 nihil
306 667 469 718 confert,
499 682 618 721 quam
647 666 698 706 ob
724 679 808 705 rem
835 664 884 704 ad
913 664 1101 705 nutritum
1131 665 1289 718 quidem
1317 666 1421 718 quod
1455 665 1594 705 attinet

128 737 131 739 “
180 746 227 772 eo
256 747 389 773 carere
417 748 623 787 possumus
651 739 772 786 atque
800 738 939 771 venter
966 732 1099 771 statim
1125 745 1228 785 pone
1249 733 1381 772 fauces
1402 747 1487 772 esse
1509 732 1593 785 quit

182 799 259 840 alia
285 808 398 855 parte
425 816 504 842 non
532 801 774 854 interposita.
826 800 880 839 At
907 800 1040 853 pulmo
1068 815 1145 840 non
1175 808 1325 854 potest,
1354 807 1594 854 quapropter

181 868 346 908 arteriae
375 883 537 922 asperae
565 883 663 921 opus
692 874 752 908 est
778 867 1036 919 longitudine,
1066 882 1143 920 quo
1164 875 1207 907 ut
1226 868 1475 920 oesophagus
1494 867 1593 906 inter

182 935 315 976 fauces
356 942 395 976 et
430 942 605 976 ventrem
646 934 878 975 inserendus
918 935 967 991 sit
1007 935 1173 975 efficitur
1190 937 1231 987 ¹).
1289 934 1478 975 Similiter
1519 934 1595 985 epi—

182 1002 348 1058 glottide
384 1017 518 1044 carere
551 1017 772 1058 possemus,
806 1002 839 1041 si
874 1002 1120 1056 oesophagus
1154 1003 1283 1043 locum
1312 1002 1476 1043 haberet
1504 1008 1594 1042 ante

185 1071 366 1110 arteriam
385 1085 605 1125 ,asperam
667 1070 750 1112 Sed
789 1071 864 1110 hoc
903 1069 988 1108 fieri
1030 1070 1177 1122 nequit.
1240 1070 1396 1110 Etenim
1446 1084 1513 1109 cor
1554 1070 1593 1109 in

182 1137 313 1191 priore
341 1152 505 1192 corpore
534 1138 652 1179 situm
681 1145 799 1192 atque
825 1137 956 1192 pulmo
986 1136 1094 1176 cordi
1111 1138 1355 1192 propinquus
1376 1145 1447 1178 est.
1495 1138 1594 1180 Cum

183 1211 314 1245 autem
340 1206 524 1246 animalia.
555 1205 751 1260 respirent
783 1210 946 1259 propter
981 1219 1049 1244 cor
1082 1211 1199 1259 atque
1235 1205 1311 1245 vim
1342 1220 1442 1259 quae
1478 1207 1516 1246 in
1546 1221 1592 1247 eo

182 1273 285 1313 inest
310 1273 486 1322 vitalem,
523 1280 562 1314 et
587 1272 794 1327 respiratio
822 1272 892 1312 fiat
918 1286 989 1325 per
1016 1273 1216 1324 arteriam,
1251 1281 1462 1327 propterea
1489 1275 1593 1328 quod

184 1354 251 1380 eor
276 1340 314 1381 in
343 1342 472 1395 priore
500 1342 675 1395 corporis
703 1348 816 1395 parte
844 1341 1077 1380 collocatum
1104 1347 1173 1392 est,
1203 1342 1319 1381 etiam
1340 1343 1483 1381 arteria
1504 1349 1594 1382 ante

182 1409 448 1461 oesophagum
476 1408 657 1461 ponenda
685 1415 780 1448 erat.
835 1409 920 1447 Iam
949 1408 1026 1447 cibi
1056 1408 1122 1460 qui
1157 1408 1326 1448 eduntur
1354 1424 1404 1448 ue
1430 1409 1467 1448 in
1497 1416 1594 1449 arte-

182 1474 280 1513 riam
307 1481 559 1527 penetrarent
586 1482 625 1514 et
651 1476 929 1528 perturbarent
957 1488 1058 1524 eam,
1086 1481 1228 1518 natura
1255 1477 1420 1514 arteriae
1448 1475 1597 1515 addidit

184 1540 452 1595 epiglottidem
464 1541 510 1593 ¹).

287 1610 497 1651 Praeterea
530 1609 678 1650 multae
718 1623 781 1650 res
815 1610 854 1650 in
894 1624 1058 1664 corpore
1093 1611 1288 1651 exsistunt
1321 1626 1398 1650 non
1436 1612 1597 1652 alicuius

183 1676 272 1717 finis
299 1691 435 1729 causa,
473 1677 543 1718 sed
579 1686 871 1732 consequuntur
904 1679 1010 1719 aliud
1045 1679 1136 1732 quid
1175 1680 1279 1732 quod
1316 1680 1479 1719 alicuius
1508 1681 1594 1719 finis

183 1745 313 1797 gratia
351 1745 533 1786 efficitur.
589 1746 657 1786 Sic
697 1752 949 1785 excrementa
987 1760 1064 1785 non
1103 1745 1151 1785 ad
1186 1746 1389 1786 consilium
1431 1753 1594 1786 naturae

185 1813 426 1864 propositum
455 1819 650 1866 spectant,
680 1813 750 1852 sed
776 1813 882 1852 victu
911 1828 1008 1866 opus
1029 1820 1088 1851 est
1107 1813 1338 1852 animalibus
1367 1820 1486 1866 atque
1507 1828 1595 1852 eum

273 1931 295 1969 ¹)
318 1932 367 1962 De
389 1937 469 1972 part.
493 1943 544 1964 an.
567 1934 626 1971 111,
651 1936 679 1965 3.
704 1936 767 1965 664
783 1943 803 1964 a
819 1936 877 1964 29:
906 1933 966 1964 τοῦ
996 1931 1031 1964 δ’
1059 1930 1206 1974 ὀργάνου
1236 1934 1295 1963 τοῦ
1324 1933 1402 1973 περὶ
1431 1931 1500 1973 τὴν
1517 1931 1598 1965 ἀνα-

183 1981 291 2024 πνοὴν
314 1982 349 2019 ἐξ
371 1982 517 2026 ἀνάγκης
540 1985 675 2027 ἔχοντος
695 1987 813 2029 μῆκος,
841 1984 1029 2027 ἀναγκαῖον
1057 1985 1115 2018 τὸν
1145 1984 1337 2028 οἰσοφάγον
1368 1985 1451 2018 εἶναι
1474 1985 1598 2029 μεταξὺ

184 2038 243 2069 τοῦ
265 2035 431 2081 στόματος
452 2042 509 2070 καὶ
532 2040 587 2079 τῆς
609 2040 745 2074 κοιλίας.

275 2092 298 2131 ¹)
321 2092 359 2124 L.
381 2092 402 2123 l.
425 2093 484 2132 111,
509 2095 537 2126 3.
561 2095 622 2125 665
639 2103 658 2124 a
675 2095 707 2123 6:
737 2091 773 2123 δί
799 2089 840 2132 ἣν
871 2091 937 2135 μὲν
959 2087 1020 2124 οὖν
1044 2093 1155 2124 αἰτίαν
1177 2091 1216 2124 τὰ
1239 2092 1305 2135 μὲν
1329 2093 1396 2134 ἔχει
1419 2093 1483 2125 τῶν
1507 2090 1598 2135 ζῴων

183 2143 223 2177 τὰ
248 2143 280 2177 δ’
306 2143 368 2177 οὐκ
391 2145 470 2187 ἔχει,
493 2144 587 2178 ταῦτ’
613 2144 770 2187 εἰρήσθω,
800 2147 856 2176 καὶ
880 2143 964 2177 διότι
988 2146 1043 2184 τῆς
1066 2143 1224 2189 ἀρτηρίας
1246 2145 1304 2186 τὴν
1326 2145 1520 2188 φαυλότητα
1545 2148 1599 2186 τῆς

184 2200 310 2234 θέσεως
337 2196 508 2241 ἰάτρευκεν
534 2197 554 2238 ἡ
583 2196 700 2240 φύσις,
735 2199 1000 2240 μηχανησαμένη
1033 2196 1093 2238 τὴν
1122 2200 1334 2240 καλουμένην
1365 2199 1598 2240 ἐπιγλωττίδα.

183 2253 288 2282 κεῖται
312 2250 346 2282 δ’
371 2251 566 2294 ἔμπροσθεν
584 2248 600 2291 ἦ
618 2249 753 2293 φάρυγξ
775 2251 833 2282 τοῦ
857 2248 1049 2292 οὶσοφάγου
1074 2251 1109 2287 ἐξ
1132 2250 1289 2294 ἀνάγκης.
1314 2249 1331 2291 ἡ
1354 2251 1502 2294 μὲνγὰρ
1518 2264 1600 2295 καρ-

184 2303 242 2336 δία
271 2304 307 2337 ἔν
334 2307 402 2340 τοῖς
428 2305 626 2348 ἔμπροσθεν
654 2307 711 2336 καὶ
737 2305 773 2337 ἐν
800 2306 892 2346 μέσῳ
923 2306 1047 2344 κεῖται,
1079 2305 1115 2337 ἓν
1147 2298 1165 2348 ᾗ
1194 2304 1252 2346 τὴν
1277 2304 1383 2347 ἀρχήν
1408 2318 1523 2349 φαμεν
1547 2308 1600 2346 τῆς

185 2357 267 2397 ζωῆς
296 2358 352 2388 καὶ
380 2355 489 2396 πάσης
514 2356 673 2398 κινήσεώς
703 2369 736 2390 ιε
766 2359 824 2389 καὶ
854 2354 1053 2397 αἰσθήσεως,
1078 2381 1086 2389 .
1110 2384 1118 2392 .
1142 2382 1150 2390 .
1176 2385 1183 2392 .
1207 2358 1224 2390 ὁ
1249 2359 1287 2390 δὲ
1312 2357 1471 2402 πλεύμων
1494 2362 1597 2390 κεῖται

186 2402 225 2441 οὗ
247 2407 266 2450 ἡ
289 2409 412 2452 καρδία
443 2411 499 2448 καὶ
529 2413 606 2455 περὶ
632 2410 764 2452 ταύτην,
793 2408 812 2451 ἡ
841 2407 878 2441 δ’
903 2408 1059 2451 ἀναπνοὴ
1089 2410 1146 2444 δαί
1176 2424 1208 2444 τε
1238 2413 1334 2444 τοῦτο
1366 2414 1422 2443 καὶ
1454 2412 1510 2443 διὰ
1540 2411 1598 2452 τὴν

182 2462 292 2511 ᾀρχὴν
314 2462 372 2504 τὴν
395 2463 431 2496 ἐν
453 2465 492 2507 τῇ
515 2465 640 2508 καρδίᾳ
668 2464 938 2507 ἐνυπάρχουσαν.
968 2462 987 2504 ἡ
1011 2464 1049 2496 δ’
1077 2463 1231 2505 ἀναπνοὴ
1260 2468 1385 2507 γίνεται
1417 2468 1483 2500 τοῖς
1507 2463 1599 2506 ζῴοις

185 2515 242 2549 διὰ
264 2517 319 2557 τῆς
341 2515 507 2561 ἀρτηρίας·
532 2516 612 2551 ὥστ’
638 2518 711 2552 ἐπεὶ
732 2516 791 2558 τὴν
814 2516 960 2560 καρδίαν
976 2518 1013 2552 ἐν
1029 2522 1096 2555 τοῖς
1119 2520 1313 2563 ἔμπροσθεν
1337 2516 1470 2562 πρώτην
1493 2517 1600 2561 (ἔναγ-

185 2574 284 2604 καῖον
310 2573 464 2609 κεῖσθαι,
494 2574 552 2603 καὶ
580 2572 639 2606 τὸν
667 2571 829 2616 φάρυγγα
859 2572 915 2603 καὶ
947 2571 1005 2612 τὴν
1036 2571 1197 2618 ἀρτηρίαν
1221 2571 1384 2615 πρότερον
1408 2569 1599 2614 ἀναγκαῖον

186 2627 322 2657 κεῖσθαι
345 2626 403 2657 τοῦ
427 2624 630 2668 οἰσοφάγον.

1327 2685 1353 2723 4
