1837 3017
818 176 1072 218 -46-

235 285 303 321 est·
322 280 529 321 materiam
557 293 642 321 esse
671 292 832 322 causam
866 280 1155 332 secundariam,
1191 280 1419 335 primariam
1453 280 1571 323 finem
1600 284 1654 321 st-

236 362 313 402 que
341 349 458 388 huius
484 349 614 401 gratia
641 362 728 388 esse
757 350 997 390 substratum
1010 350 1051 400 ¹).

341 415 408 456 Sic
448 415 615 456 materia.
656 415 820 472 eiusque
853 422 981 457 motus
1014 415 1055 456 in
1097 415 1342 457 necessitatis
1382 416 1473 456 loco
1507 414 1652 466 sunt2).

235 484 378 536 Neque
411 482 540 522 minus
576 484 792 524 necessitas
833 498 934 538 quae
971 490 1032 523 est
1065 497 1116 523 ex
1156 483 1366 537 hypothesi
1409 483 1581 522 cernitur
1614 483 1654 521 in

237 550 352 590 certis
380 563 426 589 ac
453 548 576 590 firmis
605 550 772 605 legibus,
800 551 940 605 quibus
966 551 1091 592 omnis
1110 556 1219 592 ortus
1247 555 1286 591 et
1311 549 1528 590 effectionis
1554 548 1654 589 ratio

237 618 535 669 circumscripta
566 625 637 657 est.
694 619 827 657 Veluti
854 618 1003 658 sanitas
1032 621 1064 658 si
1092 620 1155 659 cui
1182 617 1426 658 restituenda
1463 623 1543 667 est,
1580 617 1656 670 pri-

236 699 343 725 mum
376 683 485 724 calor
519 685 747 726 efficiendus
790 690 869 736 est,
912 684 1054 726 deinde
1094 686 1199 727 iusta
1235 683 1409 740 corporis
1444 683 1656 738 temperies

235 758 391 805 oportet
425 752 592 803 oriatur3
630 759 748 806 atque
782 752 920 792 domus
947 754 980 793 si
1008 760 1068 794 est
1100 753 1346 794 aedificanda
1372 752 1541 806 primum
1569 751 1654 800 hoc,

236 818 380 859 deinde
422 818 530 858 aliud
571 819 666 873 quid
706 825 767 859 est
805 820 1066 872 movendum,
1107 834 1234 875 eaque
1274 819 1427 860 ratione
1469 818 1656 871 deinceps

240 889 393 938 omnia,
428 888 555 928 donec
582 886 720 928 domus
756 902 859 942 quae
892 895 979 929 erat
1010 895 1142 930 mente
1176 894 1367 942 concepta
1394 887 1443 928 ad
1472 887 1656 927 effectum

237 957 407 996 adducta
434 961 493 995 est
505 955 546 1006 ⁸).
584 953 689 1002 Quin
709 955 809 994 adeo
829 956 968 1006 forma,
999 962 1105 996 certe
1134 956 1393 1009 aliquatenus,
1421 955 1460 995 in
1489 953 1657 994 necessi-

236 1025 327 1063 tatis
354 1023 441 1062 loco
471 1021 652 1062 habenda
680 1028 751 1062 est.
794 1022 862 1062 Sic
890 1037 997 1063 serra
1024 1030 1069 1063 ut
1095 1023 1264 1063 dissecet
1290 1023 1400 1075 ligna
1427 1020 1657 1062 instruenda

238 1095 298 1129 est
325 1089 507 1130 dentibus
534 1089 574 1129 in
603 1094 755 1129 certum
783 1090 942 1131 modum
964 1089 1214 1131 conformatis
1225 1089 1268 1143 ⁴).
1305 1090 1502 1130 Accurate
1527 1092 1657 1128 autem

238 1172 319 1197 rem
349 1158 381 1197 si
409 1158 728 1207 consideramus,
757 1165 839 1198 tota
865 1160 992 1199 forma
1019 1159 1245 1198 necessaria
1272 1165 1331 1197 est
1358 1172 1408 1197 ex
1435 1157 1656 1209 hypothesi.

238 1224 344 1264 Nam
373 1229 417 1263 ut
444 1223 648 1265 videamus
676 1225 774 1265 haec
803 1225 903 1265 oculi
942 1226 1066 1266 forma
1103 1231 1221 1278 atque
1249 1230 1391 1264 natura¹
1419 1224 1470 1264 sit
1495 1235 1658 1263 necesse

237 1364 272 1401 ἐξ
301 1362 511 1401 ὑποθέσεως·
541 1362 655 1409 ὥσπερ
683 1363 750 1409 γὰρ
779 1365 853 1398 ἐπεὶ
882 1365 937 1398 δεῖ
957 1367 1080 1408 σχίζειν
1103 1366 1150 1408 τῷ
1178 1367 1325 1405 πελέκει,
1354 1363 1485 1407 ἀνάγκη
1513 1361 1658 1406 σκληρὸν

237 1418 333 1457 εἶναι,
357 1421 387 1450 εἰ
408 1418 447 1449 δὲ
472 1416 631 1461 σκληρόν,
652 1420 806 1459 χαλκοῦν
827 1417 847 1458 ἢ
871 1419 1047 1461 σιδηροῦν,
1071 1418 1177 1456 οὕτως
1199 1421 1256 1451 καὶ
1279 1419 1353 1451 ἐπεὶ
1374 1417 1411 1450 τὸ
1436 1419 1534 1460 σῶμα
1548 1413 1658 1459 ὄργα-

236 1483 298 1506 νον
322 1469 436 1514 (ἕνεκά
460 1482 549 1508 τινος
570 1469 638 1514 γὰρ
661 1471 805 1506 ἕκαστον
821 1472 887 1506 τῶν
902 1475 1047 1517 μορίων,
1070 1469 1196 1517 ὁμοίως
1212 1472 1251 1507 δὲ
1267 1474 1324 1506 καὶ
1339 1470 1375 1506 τὰ
1393 1469 1504 1515 ὅλον),
1528 1467 1658 1514 ἀνάγκη

238 1523 304 1569 ἄρα
326 1526 457 1557 τοιονδὶ
480 1524 566 1556 εἶναι
590 1527 648 1556 καὶ
671 1526 709 1556 ἐκ
730 1526 880 1565 τοιωνδί,
904 1528 934 1559 εἰ
956 1526 1065 1559 ἐκεῖνο
1090 1527 1194 1558 ἔσται.

332 1579 352 1618 “)
377 1579 477 1620 Phys.
507 1579 554 1618 11,
588 1581 618 1611 9.
653 1582 713 1611 200
731 1584 801 1612 αῦε
835 1579 911 1612 ἀλλ’
941 1577 1033 1624 ὅμως
1063 1578 1124 1612 οὐκ
1155 1576 1236 1613 ἄνευ
1264 1578 1331 1622 μὲν
1360 1577 1488 1612 τούτων
1517 1579 1658 1620 γέγονεν

237 1635 322 1673 (scil.
346 1631 363 1664 ὁ
387 1633 532 1672 τοῖχος),
562 1632 602 1664 οὐ
632 1635 750 1676 μέντοι
779 1633 836 1665 διὰ
864 1634 968 1666 ταῦτα
993 1633 1081 1675 πλὴν
1109 1633 1153 1670 ὠς
1182 1634 1217 1665 ‹51
1245 1631 1339 1674 ὕλην,
1369 1630 1444 1664 ἀλλ’
1473 1632 1571 1665 ἕνεκα
1599 1632 1659 1664 τοῦ

239 1684 400 1730 κρύπτειν
423 1680 505 1717 ἅττα
534 1686 591 1716 καὶ
620 1683 745 1724 σώζειν.
776 1685 903 1730 ὁμοίως
931 1687 970 1720 δὲ
998 1688 1056 1720 καὶ
1079 1686 1116 1721 ἑν
1137 1689 1206 1724 τοῖς
1228 1683 1342 1723 ἄλλοις
1364 1688 1481 1727 πᾶσιν,
1509 1685 1546 1718 ἐν
1567 1682 1659 1722 ὅσοις

237 1740 273 1772 τὰ
299 1737 396 1772 ἕνεκά
420 1750 479 1770 του
503 1738 605 1777 ἐστίν,
634 1739 697 1770 οὐκ
726 1737 806 1773 ἄνευ
827 1741 894 1783 μὲν
915 1742 982 1772 τῶν
1004 1739 1198 1782 ἀναγκαίαν
1222 1739 1369 1782 ἐχόντων
1390 1739 1449 1781 τὴν
1473 1738 1589 1782 φύσιν,
1617 1736 1657 1770 οὐ

237 1795 354 1838 μέντοι
378 1803 416 1835 γε
440 1790 497 1824 διὰ
521 1792 624 1824 ταῦτα
649 1789 723 1824 ἀλλ’
750 1791 769 1834 ἢ
793 1791 836 1830 ὠς
860 1791 950 1834 ὕλην,
973 1791 1049 1826 ἀλλ’
1076 1791 1173 1828 ἕνεκά
1195 1804 1266 1834 του,
1291 1789 1365 1827 οἷον
1389 1792 1445 1826 διὰ
1468 1795 1503 1825 τί
1515 1791 1533 1826 ὁ
1550 1794 1659 1836 πρίων

238 1847 374 1880 τοιοσδί
379 1859 389 1884 ,-
419 1845 512 1882 ὅπως
533 1846 609 1878 τοδὶ
632 1848 690 1878 καὶ
713 1847 811 1879 ἕνεκα
835 1848 941 1880 τουδί.
972 1845 1071 1881 ’τοῦτο
1100 1850 1219 1892 μέντοι
1242 1847 1278 1880 τὸ
1304 1841 1344 1880 οὗ
1366 1848 1464 1881 ἕνεκα
1488 1845 1660 1880 ἀδύνατον

238 1903 412 1943 γενέσθαι,
441 1897 483 1931 ιῖν
505 1899 552 1943 μὴ
576 1899 734 1944 σιδηροῦς
756 1897 793 1944 ᾖ·
824 1900 954 1943 ἀνάγκη
978 1897 1045 1944 ἄρα
1069 1901 1233 1944 σιδηροῦν
1255 1901 1352 1940 εἶναι,
1383 1903 1413 1934 εἰ
1436 1904 1544 1943 πρίων
1567 1901 1659 1933 ἔσται

241 1957 297 1987 καὶ
320 1954 356 1987 τὸ
382 1954 484 1996 ἔργον
508 1952 625 1985 αὐτοῦ.

335 2010 357 2049 ²)
381 2010 418 2041 L.
441 2009 462 2038 l.
489 2011 550 2039 200
567 2019 586 2039 a
603 2011 660 2041 30:
688 2007 841 2050 φανερὸν
865 2007 905 2049 δὴ
938 2006 987 2040 ὅτι
1018 2007 1054 2040 τὸ
1080 2007 1270 2051 ἀναγκαῖον
1293 2009 1329 2042 ἔν
1351 2012 1421 2045 τοῖς
1442 2012 1599 2052 φυσικοῖς
1621 2009 1657 2041 τὰ

241 2061 286 2099 ὠς
308 2062 369 2103 ὕλη
393 2059 582 2104 λεγόμενον
605 2062 662 2093 καὶ
685 2062 721 2092 αἱ
743 2059 889 2101 κινήσεις
911 2063 947 2093 αἱ
968 2060 1097 2103 ταύτης.

329 2116 354 2157 ³)
378 2117 428 2147 De
451 2120 531 2156 part.
556 2125 607 2147 an.
630 2116 656 2154 Ι,
684 2118 710 2145 1.
735 2117 797 2146 639
813 2115 834 2146 b
851 2118 906 2147 23:
930 2113 1073 2158 ὑπάρχει
1097 2115 1136 2148 δὲ
1158 2115 1194 2148 τὸ
1218 2116 1283 2159 μὲν
1299 2115 1414 2152 ἁπλῶς
1436 2119 1505 2152 τοῖς
1526 2115 1660 2157 ἀϊδίοις,

238 2168 276 2202 τό
303 2167 338 2201 δ’
366 2169 400 2205 ἐξ
423 2166 622 2203 ὑποθέσεως
644 2169 701 2199 καὶ
722 2171 791 2204 τοῖς
813 2167 849 2200 ἐν
870 2170 1001 2210 γενέσει
1022 2170 1141 2208 πᾶσιν,
1171 2166 1284 2212 ὥσπερ
1309 2170 1345 2203 ἐν
1367 2173 1436 2207 τοῖς
1456 2173 1660 2213 τεχναστοῖς,

240 2220 313 2256 οἷον
337 2224 427 2263 οἰκίᾳ
456 2224 514 2254 καὶ
542 2223 611 2254 τῶν
639 2217 751 2253 ἄλλων
778 2219 907 2263 ὁτῳοῦν
932 2224 998 2255 τῶν
1025 2221 1205 2256 τοιούτων.
1230 2221 1360 2266 ἀνάγκη
1383 2224 1422 2257 δὲ
1444 2223 1578 2257 τοιάνδε
1600 2223 1660 2265 τὴν

239 2275 321 2318 ὕλην
343 2274 503 2319 ὑπάρξαι,
527 2278 558 2308 εἰ
579 2276 672 2308 ἔσται
697 2276 786 2306 οἰκία
808 2273 827 2315 ἢ
851 2272 932 2308 ἄλλο
948 2288 978 2309 τι
993 2278 1096 2312 τέλος·
1120 2278 1179 2309 καὶ
1199 2279 1360 2319 γενέσθαι
1383 2288 1416 2310 τε
1439 2280 1496 2310 καὶ
1518 2279 1659 2319 κινηθῆ-

238 2342 295 2364 ναι
319 2330 372 2363 δεῖ
391 2328 469 2362 τόδε
492 2331 639 2372 πρῶτον,
672 2328 742 2361 εἶτα
771 2326 866 2367 τόδε,
895 2331 952 2361 καὶ
981 2331 1100 2362 τοῦτον
1124 2329 1165 2371 δὴ
1187 2330 1247 2363 τὸν
1269 2329 1397 2375 τρόπον
1420 2332 1540 2374 ἐφεξῆς
1559 2333 1660 2375 μέχρι

238 2385 299 2416 τοῦ
321 2385 436 2418 τέλους
458 2384 515 2414 καὶ
538 2376 578 2415 οὗ
601 2383 699 2416 ἕνεκα
722 2383 849 2424 γίνεται
865 2382 1007 2417 ἕκαστον
1023 2385 1081 2416 καὶ
1096 2383 1197 2417 ἔστιν.
1221 2382 1380 2420 ὡσαύτως
1401 2384 1440 2416 δὲ
1463 2386 1521 2416 καὶ
1541 2384 1577 2416 ἔν
1591 2386 1661 2419 τοῖς

240 2435 342 2481 φύσει
365 2438 591 2480 γιγνομένοις.

327 2493 354 2532 ⁴)
380 2493 479 2533 Phys.
502 2492 545 2530 11,
571 2494 601 2523 9.
626 2493 688 2522 200
704 2488 726 2520 b
744 2493 778 2519 4:
807 2491 885 2524 ἴσως
914 2490 952 2521 δὲ
979 2491 1037 2522 καὶ
1060 2490 1096 2523 ἐν
1123 2491 1169 2531 τῷ
1191 2488 1281 2531 λόγῳ
1304 2491 1374 2523 ἐστὶ
1396 2490 1433 2523 τὸ
1457 2491 1657 2532 ἀναγκαῖον.

241 2544 432 2590 ὁρισαμένῳ
453 2542 520 2587 γὰρ
542 2542 579 2576 τὸ
602 2542 704 2586 ἔργον
727 2542 787 2574 τοῦ
809 2544 919 2586 πρίειν
933 2541 985 2577 ὅτι»
1001 2543 1162 2588 διαίρεσις
1176 2543 1299 2577 τοιαδί·
1322 2543 1404 2586 αὕτη
1421 2542 1457 2577 δ’
1474 2540 1538 2576 οὐκ
1553 2542 1657 2583 ἔσται,

242 2601 271 2631 εἰ
292 2599 338 2642 μὴ
361 2600 425 2635 ἕξει
453 2596 598 2633 ὀδόντας
624 2596 794 2629 τοιουσδί·
825 2589 917 2629 οὗτοι
945 2596 979 2629 δ’
1005 2594 1058 2636 οὔ,
1086 2600 1116 2630 εἰ
1141 2596 1188 2640 μὴ
1212 2598 1379 2641 σιδηροῦς.
1409 2599 1479 2630 ἔστι
1505 2596 1572 2639 γὰρ
1600 2598 1657 2627 καὶ

242 2652 279 2685 ἐν
301 2653 346 2693 τῷ
368 2650 457 2695 λόγῳ
481 2651 553 2685 ἔνια
576 2649 681 2694 μόρια
705 2647 749 2686 ὡς
771 2647 831 2690 ὕλη
854 2651 914 2682 τοῦ
936 2647 1051 2693 λόγου.
