1837 3017
251 215 295 246 VI

252 320 429 366 diendis
460 319 516 364 iis
549 336 602 364 ac
633 319 918 365 removendis
952 319 1129 366 iuvenis
1156 319 1234 366 vix
1266 337 1348 381 par
1379 337 1477 367 esse
1508 322 1661 383 possit.

251 393 412 455 Itaque
444 408 624 454 sperare
656 391 762 437 licet
793 392 998 438 homines
1031 392 1184 439 doctos
1209 393 1256 439 in
1283 393 1369 439 hoc
1399 393 1515 439 libro
1547 395 1661 441 iudi-

251 466 397 513 cando
429 465 488 511 ad
520 465 846 526 ignoscendum
879 465 1053 510 futuros
1093 482 1190 511 esse
1227 467 1465 512 faciliores
1533 468 1660 513 Neve

250 541 352 600 quis
376 539 542 584 nimiae
565 539 1051 602 virium-confidentiae
1074 540 1254 598 tribuat,
1285 541 1406 601 quod
1431 557 1543 602 opus
1567 549 1660 587 tam

249 613 441 659 arduum
474 611 678 673 aggressi
710 627 878 656 sumus,
926 611 1048 657 Nam
1072 611 1151 658 ubi
1175 612 1293 658 utin
1316 628 1479 658 causae
1509 614 1659 660 finalis

248 686 372 749 apud
388 685 677 732 Aristotelem
700 693 908 730 naturam
938 685 1265 746 inquireremus
1290 686 1339 731 in
1366 687 1568 732 animum
1590 688 1658 732 in-

248 760 484 817 duximus,
522 758 724 804 nondum
758 774 873 819 quae
906 765 1056 803 essent
1088 757 1374 804 difficultates
1407 760 1658 821 perspicere

246 840 517 894 poteramus.
581 830 742 891 Neque
783 831 905 876 hunc
947 830 1115 876 librum
1156 831 1255 875 ausi
1298 847 1496 877 essemus
1535 833 1655 878 foras

247 905 401 962 edere,
448 904 537 950 nisi
585 904 686 948 aliis
728 904 807 964 qui
858 904 1107 950 doctrinam
1149 903 1465 949 Aristoteleam
1517 904 1656 966 probe

246 985 413 1024 norunt
444 977 492 1023 in
520 975 790 1039 explicanda
812 975 1053 1038 Stagiritae
1079 975 1366 1038 philosophia
1397 992 1450 1021 eo
1483 977 1656 1039 aliquid

243 1052 486 1113 profecisse
518 1066 719 1096 essemus
743 1050 844 1095 visi.
885 1052 1048 1111 Atque,
1080 1066 1138 1095 ne
1170 1050 1505 1111 implicaremur
1536 1068 1655 1098 erro-

245 1123 384 1183 ribus,
416 1123 465 1170 in
495 1131 590 1169 tota
622 1110 925 1185 disputatione
958 1123 1043 1168 hoc
1073 1123 1268 1168 maxime
1300 1123 1572 1186 curavimus,
1605 1133 1656 1171 ut

245 1198 548 1243 devitaremus
575 1214 731 1243 omnes
755 1197 1034 1243 coniecturas
1057 1205 1192 1258 atque
1215 1197 1569 1243 existimationes
1584 1197 1653 1243 in-

244 1278 388 1316 certas
434 1286 550 1315 neve
596 1270 846 1331 quidquam
892 1278 1187 1316 statueremus
1237 1269 1358 1332 quod
1399 1270 1652 1322 Aristotelis

243 1343 393 1390 verbis
424 1359 518 1388 non
549 1343 827 1388 inniteretur.
874 1342 963 1388 Sed
995 1342 1107 1388 haec
1138 1343 1238 1404 ipsa
1261 1359 1396 1405 saepe
1414 1343 1652 1404 ‚intellectu

243 1417 488 1463 admodum
527 1424 635 1461 sunt
674 1415 900 1473 difficilia,
946 1416 1009 1461 ita
1054 1424 1104 1461 ut
1149 1432 1490 1478 nonnumquam
1538 1417 1651 1463 alios

243 1490 382 1535 aliam
421 1489 478 1534 iis
521 1488 724 1533 subicere
767 1488 1035 1533 sententiam
1074 1505 1164 1532 non
1208 1489 1286 1545 sit,
1334 1505 1415 1534 cur
1464 1490 1651 1539 mireris.

243 1562 406 1622 Neque
443 1577 545 1606 raro
585 1559 716 1605 nobis
748 1576 777 1606 a
805 1561 1083 1622 reliquorum
1120 1561 1413 1623 interpretum
1454 1561 1651 1623 explica-

242 1633 441 1679 tionibus
473 1640 568 1679 erat
600 1633 935 1679 discedendum.
988 1633 1122 1688 Quod
1154 1633 1233 1679 ubi
1265 1634 1429 1679 accidit
1461 1635 1508 1679 in
1540 1635 1651 1679 locis

241 1707 320 1768 qui
360 1706 543 1752 maioris
591 1706 807 1752 momenti
855 1722 952 1752 esse
998 1706 1281 1766 videbantur,
1329 1723 1409 1753 cur
1454 1707 1510 1753 iis
1557 1723 1650 1752 non

240 1780 560 1825 assentiremur
606 1779 899 1839 apposuimus
945 1788 1224 1840 argumenta.
1289 1779 1423 1835 Quod
1462 1779 1649 1825 minime

239 1852 428 1897 fecimus
468 1851 657 1897 consilio
696 1867 770 1907 eo,
808 1859 858 1897 ut
897 1852 1102 1898 homines
1140 1853 1244 1899 illos
1285 1852 1440 1899 doctos
1473 1852 1647 1913 vitupe-

238 1939 453 1981 raremus,
487 1923 567 1968 sed
598 1923 657 1968 ob
689 1923 808 1968 hanc
839 1924 983 1968 solam
1015 1940 1212 1980 causam,
1251 1941 1309 1969 ne
1341 1925 1450 1984 quid
1483 1912 1648 1969 temere

239 1997 450 2042 statuisse
482 1996 750 2041 videremur.

300 2067 394 2116 Sor.
426 2067 626 2114 Berolini
659 2084 799 2115 mens.
833 2068 976 2130 April.
1011 2086 1050 2114 a.
1084 2068 1432 2116 MDGCGLXV.

1831 182 1837 191 a
1835 143 1837 145 .
1803 29 1837 131 :saal-{23¹-
1816 0 1837 11 Ᾱ
