1837 3017
824 191 1080 233 -82-

242 304 448 346 naturam,
476 311 548 350 per
577 311 620 337 se
647 303 740 337 sunt
764 298 886 347 bona,
915 311 1003 337 cum
1032 312 1056 337 a
1084 297 1157 337 deo
1191 298 1356 351 profecti
1390 298 1467 338 sint
1495 298 1655 352 optimo.

243 365 429 419 Denique
456 363 603 403 bonum
632 378 840 413 summum,
878 363 983 417 quod
1011 363 1078 413 ita,
1107 370 1150 403 ut
1177 377 1346 418 persona
1373 365 1435 414 sit,
1464 366 1559 406 deus
1587 371 1658 414 est,

243 435 282 473 in
311 434 384 472 hoc
411 431 557 471 mundo
585 431 688 471 inest
715 432 782 480 ita,
811 438 854 471 ut
880 432 930 470 sit
957 430 1052 470 ordo
1067 431 1108 484 ¹).
1146 431 1235 480 Quo
1254 431 1332 471 iam
1352 433 1447 472 satis
1467 446 1658 487 apparere

243 507 437 553 putamus,
467 512 568 551 quae
588 503 647 548 A,
669 500 728 538 10.
757 499 851 538 1075
871 512 894 537 a
911 499 963 537 24
991 498 1261 549 significentur
1279 500 1428 539 verbis:
1456 500 1525 541 καὶ
1551 495 1656 540 ἄλλα

243 563 372 614 οὕτως
398 564 506 606 ἐστὶν
533 558 589 605 ὦν
616 567 802 606 κοινωνεῖ
826 562 991 605 ἅπαντα
1019 562 1078 613 εἷς
1101 564 1149 605 τὸ
1179 563 1290 606 ὅλον.

348 632 429 672 Sed
458 633 618 673 obicere
651 633 737 686 quis
770 633 880 672 nobis
918 632 1060 685 possit:
1101 633 1206 672 Num
1241 634 1308 672 illa
1334 635 1546 673 formarum
1576 633 1658 673 uni-

243 700 410 738 versitas
447 700 690 738 individuum
729 699 822 752 quid
860 698 948 737 est?
1001 698 1144 737 Nonne
1178 700 1327 738 formae
1367 706 1457 738 sunt
1483 699 1658 738 multae?

245 767 280 806 A
310 781 390 819 qua
416 773 528 819 parte
556 781 604 805 ne
631 766 810 805 laborare
839 765 1017 804 videatur
1052 767 1245 805 sententia
1271 774 1425 815 nostra,
1463 767 1656 819 inquiren-

245 834 337 874 dum
367 842 444 883 est,
474 832 567 886 quid
588 833 638 871 sit
656 831 857 872 Aristoteli
875 831 1139 883 individuum,
1170 839 1275 873 certe
1304 833 1353 873 ad
1383 833 1658 886 cogitationem

245 902 350 955 quod
379 902 528 939 attinet.
577 900 796 952 Distinguit
823 905 952 938 autem
984 900 1239 953 philosophus
1267 901 1340 939 tria
1368 900 1657 939 individuorum

245 968 444 1023 genera').
491 968 552 1007 Ac
581 966 750 1021 primum
781 966 939 1020 quidem
969 967 1119 1020 profert
1146 966 1389 1006 individuum
1417 967 1457 1006 id
1484 967 1589 1021 quod
1617 966 1657 1005 in

245 1036 517 1089 magnitudine
546 1036 716 1088 positum
746 1041 822 1083 est,
851 1034 972 1072 veluti
1002 1034 1106 1073 linea
1135 1042 1173 1074 et
1201 1042 1367 1087 tempus.
1423 1035 1534 1074 Haec
1562 1034 1658 1074 nihil

245 1103 426 1157 impedit,
463 1101 669 1156 quominus
706 1115 783 1140 una
809 1100 1024 1154 eademque
1059 1100 1199 1140 mentis
1228 1101 1379 1140 actione
1408 1101 1660 1155 comprehen-

246 1172 395 1210 damus.
451 1170 634 1208 Alterum
673 1183 799 1221 genus
837 1175 897 1207 est
935 1182 1069 1207 eorum
1104 1182 1205 1220 quae
1239 1168 1441 1206 individua
1478 1175 1568 1207 sunt
1593 1182 1659 1206 no-

244 1238 362 1278 tione.
418 1236 539 1276 Notio
576 1236 679 1275 enim
714 1242 846 1289 partes
881 1235 1032 1287 colligit
1066 1240 1105 1273 et
1139 1234 1421 1287 complectitur,
1460 1241 1502 1274 ut
1539 1249 1658 1274 unum

245 1305 357 1358 quasi
391 1317 534 1357 corpus
568 1302 752 1342 efficiant.
809 1301 941 1341 Veluti
981 1301 1147 1340 hominis
1175 1301 1237 1339 vel
1265 1301 1433 1340 aedificii
1461 1302 1659 1340 notionem

246 1372 465 1424 cogitamus
493 1372 569 1419 ita,
598 1377 642 1409 ut
669 1370 913 1409 individuum
942 1368 1035 1422 quid
1065 1369 1132 1417 sit,
1163 1370 1342 1421 quamvis
1371 1369 1548 1422 plurimis
1571 1383 1661 1421 par-

245 1440 350 1480 tibus
380 1444 544 1478 constet.
599 1429 735 1476 Tertio
765 1436 934 1488 denique
960 1449 1106 1488 genere
1135 1435 1382 1475 continentur
1401 1450 1448 1476 ea
1467 1450 1568 1489 quae
1587 1436 1662 1489 pri-

247 1507 406 1545 vatione
425 1504 628 1543 individua
656 1509 757 1550 sunt,
787 1502 909 1543 veluti
934 1508 1122 1554 punctum
1143 1508 1182 1540 et
1199 1503 1387 1555 temporis
1408 1509 1659 1542 momentum.

248 1574 285 1613 E
306 1572 448 1626 quibus
478 1568 768 1610 individuorum
796 1569 1006 1620 generibus
1035 1568 1111 1608 duo
1141 1569 1272 1621 priora
1300 1575 1451 1609 tantum
1472 1569 1511 1608 in
1533 1570 1661 1621 dispu-

248 1638 437 1679 tationem
473 1643 644 1676 nostram
684 1636 823 1674 cadere
865 1642 1004 1688 sponte
1045 1636 1297 1688 intellegitur.
1366 1636 1449 1675 Iam
1485 1651 1577 1675 num
1614 1630 1681 1675 iis'

246 1708 459 1746 formarum
496 1703 729 1743 universitas
772 1703 994 1751 conveniat,
1039 1703 1342 1742 examinandum
1380 1710 1451 1742 est.
1508 1704 1561 1743 Et
1589 1703 1663 1756 pri-

248 1789 355 1815 mum
395 1772 554 1827 quidem
594 1784 718 1823 genus
759 1770 790 1809 si
830 1769 1011 1823 respiciet,
1056 1771 1231 1823 profecto
1272 1763 1489 1810 intellectui
1529 1770 1660 1810 divino

247 1840 543 1881 concedendum
573 1845 642 1886 est,
672 1845 715 1877 ut
742 1838 889 1889 pariter
917 1844 1034 1888 atque
1063 1852 1133 1876 nos
1161 1837 1304 1876 lineam
1325 1844 1364 1876 et
1384 1837 1541 1889 aliquod
1568 1844 1659 1876 tem-

247 1908 354 1962 poris
383 1906 564 1961 spatium,
591 1905 656 1945 ille
676 1905 893 1945 formarum
913 1903 1206 1944 universitatem
1228 1918 1308 1944 una
1327 1903 1541 1957 eademque
1561 1904 1664 1957 cogi-

247 1976 396 2014 tatione
426 1972 745 2026 comprehendat.
790 1971 972 2009 Alterum
1002 1977 1131 2009 autem
1160 1970 1448 2009 individuorum
1477 1984 1601 2024 genus
1630 1972 1662 2010 si

249 2042 561 2091 consideramus,
596 2039 773 2081 Platonis
812 2052 968 2092 quoque
1007 2038 1150 2078 animal
1191 2054 1309 2078 unum
1346 2045 1405 2078 est
1438 2046 1477 2078 et
1510 2039 1662 2092 reliqua

250 2108 435 2149 animalia
463 2108 592 2147 omnia
619 2107 788 2161 partium
826 2109 951 2146 instar
978 2105 1016 2144 in
1046 2118 1088 2143 se
1116 2106 1291 2162 continet
1302 2106 1351 2155 ³),
1389 2112 1506 2158 atque
1544 2106 1662 2146 etiam

247 2236 324 2264 πον,
348 2226 404 2255 καὶ
422 2221 438 2255 ὁ
457 2222 541 2255 κατὰ
565 2224 684 2254 τοῦτον
704 2225 775 2262 βίος
798 2225 890 2256 θεῖος
913 2219 996 2262 πρὸς
1012 2219 1070 2252 τὸν
1086 2218 1306 2263 ἀνθρώπινον
1321 2223 1406 2261 βίον.
1433 2226 1461 2253 8.
1480 2225 1559 2253 1178
1572 2223 1592 2253 b
1605 2224 1661 2253 25:

248 2281 316 2313 τοῖς
342 2278 407 2321 μὲν
429 2277 494 2319 γὰρ
526 2279 617 2311 θεοῖς
646 2274 734 2311 ἅπας
756 2273 772 2306 ὁ
796 2277 868 2315 βίος
889 2272 1075 2317 μακάριος,
1104 2277 1173 2309 τοῖς
1194 2273 1226 2306 ‹5‘
1252 2273 1463 2317 ἀνθρώποις,
1494 2274 1553 2317 ἐφ’
1580 2273 1662 2306 ὅσον

248 2329 406 2375 ὁμοίωμά
437 2343 466 2363 τι
495 2331 550 2371 τῆς
580 2327 731 2369 τοιαύτης
760 2329 926 2371 ἐνεργείας
956 2325 1114 2370 ὑπάρχει·
1144 2328 1211 2361 τῶν
1239 2328 1275 2361 ‹5’
1301 2325 1411 2360 ἄλλων
1443 2325 1533 2369 ζῴων
1562 2326 1664 2360 οὐδὲν

248 2385 455 2429 εὐδαιμονεῖ,
480 2383 595 2423 ἐπειδὴ
619 2381 754 2425 οὐδαμῇ
777 2385 935 2415 κοινωνεῖ
955 2385 1108 2423 θεωρίας.

344 2441 364 2480 ·)
389 2440 465 2471 Met.
488 2440 535 2476 A,
563 2441 599 2469 ιο
624 2439 669 2468 in.

336 2493 360 2531 ²)
385 2493 433 2523 De
457 2493 552 2523 anim.
579 2492 636 2530 111,
662 2493 690 2523 6.
715 2493 777 2535 2²3⁰
793 2491 813 2522 b
831 2493 929 2532 Ssqq.
975 2492 1024 2522 De
1047 2500 1111 2530 quo
1134 2490 1204 2521 loco
1227 2491 1266 2523 cf.
1290 2500 1414 2523 excurs.
1436 2490 1474 2521 V.

338 2546 361 2586 ³)
388 2547 466 2577 Plat.
496 2547 579 2577 Tim.
611 2545 701 2577 300:
740 2537 780 2576 οὗ
808 2542 842 2576 ‹5'
874 2545 943 2577 ἔστι
973 2541 1077 2576 τᾶλλα
1106 2543 1171 2580 ζῶα
1200 2542 1281 2575 καθ’
1315 2544 1351 2576 ἓν
1379 2545 1436 2575 καὶ
1468 2542 1551 2574 κατὰ
1582 2543 1662 2584 γένη

247 2598 371 2641 μόρια,
400 2597 504 2639 τούτῳ
527 2596 663 2630 πάντων
686 2595 888 2640 ὁμοιότατον
910 2595 1015 2628 αὐτὸν
1037 2595 1121 2628 εἶναι
1152 2598 1309 2639 τιθῶμεν.
1339 2596 1378 2629 τὰ
1408 2595 1474 2638 γὰρ
1498 2595 1539 2636 δὴ
1560 2596 1662 2636 νοητὰ

249 2652 314 2689 ζῶα
338 2651 447 2685 πάντα
472 2651 579 2683 έκεῖνο
604 2650 640 2683 ἐν
663 2650 770 2692 ἑαυτῷ
795 2648 978 2692 περιλαβὸν
1001 2649 1080 2690 ἔχει.
1384 2661 1387 2664 ·
