1837 3017
727 141 771 146 -
838 116 864 156 9
934 141 978 148 -

148 220 252 262 aetio
278 222 397 276 plena
423 236 469 262 ac
498 223 670 277 perfecta
698 227 778 273 est,
814 221 869 261 ita
900 226 943 261 ut
977 221 1092 262 simul
1119 220 1324 261 videamus
1353 223 1392 258 et
1419 217 1557 258 videri-

148 303 245 337 mus,
265 291 481 341 cogitemus
501 297 540 330 et
558 290 874 343 cogitaverimus,
893 291 1059 329 vivimus
1080 297 1119 330 et
1136 289 1353 329 vixerimus
1368 286 1410 339 ι).
1440 285 1555 333 Quod

147 354 251 396 idem
280 357 452 398 cernitur
478 357 515 398 in
547 358 678 399 multis
705 358 821 399 rebus
841 371 942 413 quae
961 357 1011 397 ab
1037 356 1259 397 hominibus
1287 352 1555 410 perficiuntur.

148 422 279 461 Veluti
307 425 474 464 aedificii
502 440 600 477 opus
628 433 697 476 est,
724 433 768 465 ut
792 440 863 465 nos
882 430 1039 464 tueatur
1057 438 1079 462 a
1097 426 1374 476 tempestatum
1392 419 1557 468 iniuriis,

147 488 310 541 figuram
347 493 627 543 geometricam
660 493 936 542 describimus,
972 496 1014 531 ut
1048 491 1321 543 cogitationem
1357 487 1557 543 quandam

148 558 259 610 quasi
287 559 481 613 exprimat
509 568 548 600 et
575 567 863 615 repraesentet,
899 558 965 613 qui
1000 559 1098 598 fines
1133 559 1319 613 propositi
1353 570 1432 597 una
1466 569 1555 595 cum

148 624 265 664 rebus
301 625 396 679 ipsis
434 634 473 667 et
507 641 743 682 unoquoque
779 628 966 681 temporis
1008 632 1224 676 momento,
1268 624 1449 679 quamdiu
1492 636 1555 662 res

148 692 280 743 durat,
316 694 469 735 adsunt.
525 695 716 744 Quamvis
745 696 849 736 enim
875 695 1018 735 talibus
1045 695 1180 745 rebus,
1211 699 1346 747 utpote
1374 690 1554 740 immotis,

147 760 322 800 actiones
355 762 526 803 tribuere
562 752 639 803 non
678 763 905 813 conveniat,
948 769 1079 802 tamen
1121 775 1167 800 ca
1209 775 1309 814 quae
1350 764 1554 812 praestant

147 829 388 869 naturalibus
415 829 490 870 illis
518 831 701 884 operibus
728 831 842 872 modo
870 846 891 871 a
910 830 1022 871 nobis
1050 829 1365 871 commemoratis
1395 840 1553 880 prorsus

146 896 384 948 respondere
411 904 586 951 apparet.
1450 938 1454 942 ,

252 964 430 1005 Alterum
459 972 588 1006 autem
616 980 740 1020 genus
769 971 840 1016 est,
870 965 936 1005 ubi
954 965 992 1005 id
1015 965 1118 1019 quod
1144 965 1311 1004 efficitur
1330 964 1379 1002 ab
1400 962 1553 1002 actione

146 1037 205 1070 est
239 1031 451 1083 diversum,
493 1034 612 1073 veluti
645 1033 686 1073 id
719 1033 822 1087 quod
856 1039 1085 1087 procreatur
1121 1040 1159 1072 et
1192 1031 1433 1086 procreatio,
1477 1030 1553 1069 cibi

146 1099 370 1140 comminuti
399 1105 438 1140 et
464 1099 636 1141 dentium
674 1116 826 1142 morsus
859 1101 963 1143 inter
996 1115 1038 1140 se
1073 1100 1268 1140 differunt.
1325 1098 1552 1141 Cuiusmodi

145 1180 264 1219 opera
293 1181 378 1207 esse
400 1168 516 1208 etiam
536 1182 667 1209 rerum
695 1169 744 1208 ab
762 1168 981 1208 hominibus
1007 1170 1235 1209 effectarum
1255 1175 1299 1208 ut
1318 1168 1554 1207 demonstre-

144 1248 243 1284 mus,
272 1234 319 1273 ad
348 1234 606 1275 instrumenta
633 1237 789 1289 aliaque
807 1236 848 1275 id
867 1237 1024 1288 generis
1051 1251 1266 1289 provocare
1294 1234 1447 1274 videtur
1468 1248 1552 1272 esse

144 1301 238 1341 satis
249 1302 289 1351 ²),

248 1369 305 1411 Ut
334 1376 464 1411 autem
490 1384 553 1410 res
582 1385 680 1424 opus
707 1386 818 1412 suum
849 1373 1012 1425 exsequi
1040 1371 1182 1424 possit,
1216 1370 1429 1410 secundum
1457 1368 1552 1408 illud

145 1436 269 1489 ipsum
306 1438 535 1478 conficiatur
568 1453 727 1492 prorsus
764 1445 823 1479 est
859 1453 1035 1479 necesse.
1090 1439 1180 1479 Non
1217 1438 1318 1487 enim
1353 1450 1466 1476 usum
1504 1434 1553 1474 ad

143 1504 443 1546 instrumentum
472 1500 673 1548 instituere
700 1508 807 1558 licet,
835 1508 904 1548 sed
929 1508 1230 1547 instrumentum
1259 1505 1307 1544 ad
1336 1519 1462 1554 usum,
1491 1517 1555 1542 ne-

145 1586 221 1625 que
249 1572 369 1614 sectio
397 1589 529 1614 serrae
558 1589 677 1615 causa
695 1576 801 1616 facta.
818 1582 889 1625 est,
919 1575 988 1615 sed
1007 1574 1225 1615 dissecandi
1244 1573 1372 1626 gratia
1390 1586 1498 1613 serra
1510 1571 1554 1623 ³).

144 1639 271 1687 Quam
306 1641 355 1680 ob
390 1656 550 1682 causam
584 1657 738 1693 serrae,
785 1649 828 1683 ut
867 1642 1020 1683 scindat
1051 1642 1177 1695 ligna,
1213 1642 1400 1680 laminam
1437 1639 1556 1680 effici-

145 1721 229 1746 mus
256 1713 414 1748 tenuem
441 1716 480 1749 et
506 1724 709 1763 proceram
743 1694 1007 1763 dentibusque
1031 1723 1116 1748 eam
1152 1709 1397 1759 instruimus3
1434 1713 1552 1759 atque

144 1773 320 1814 similiter
348 1775 517 1826 domum,
546 1787 587 1816 ut
616 1791 639 1816 a
666 1777 965 1829 tempestatibus
993 1791 1064 1816 nos
1092 1776 1288 1825 defendat,
1322 1775 1443 1815 muris
1473 1788 1553 1813 sae-

142 1842 268 1894 pimus
296 1843 611 1897 imponimusque
639 1851 798 1884 tectum.
853 1845 993 1897 Neque
1021 1844 1131 1883 aliter
1150 1851 1336 1896 operatur
1355 1850 1497 1882 natura
1511 1844 1552 1892 ⁴).

234 2000 255 2037 ')
278 2000 326 2030 De
349 2010 433 2032 sens.
458 2004 486 2033 6.
511 2006 572 2034 446
587 2004 608 2035 b
625 2006 653 2034 2.
699 2005 797 2044 Soph.
821 2005 861 2035 el.
885 2007 924 2034 22
962 2005 1022 2034 178
1040 2014 1058 2033 a
1075 2006 1102 2036 9.
1141 2004 1216 2033 Met.
1245 2003 1284 2041 Θ,
1310 2008 1337 2033 ὅ.
1366 2005 1446 2033 1048
1462 2002 1483 2032 b
1499 2002 1551 2033 23.

234 2053 255 2092 ²)
278 2053 378 2095 Saepe
401 2056 536 2095 quidem‘
552 2058 742 2089 Aristoteles
764 2058 936 2098 distinguit
965 2058 1047 2087 inter
1069 2062 1241 2098 utrumque
1263 2058 1427 2089 actionum
1449 2066 1551 2097 genus

142 2111 237 2146 atque
258 2112 354 2138 vocat
376 2109 491 2140 alteras
515 2109 692 2152 ἐνεργείας,
716 2108 858 2150 κινήσεις
880 2112 1005 2141 alteras.
1042 2112 1119 2141 Met.
1146 2112 1185 2149 Θ,
1211 2114 1239 2143 6.
1265 2112 1347 2142 1048
1363 2110 1384 2141 b
1402 2112 1456 2141 28:
1480 2107 1553 2140 τού-

142 2171 208 2193 των
231 2158 273 2201 δὴ
294 2158 352 2197 τὰς
372 2162 437 2205 μὲν
459 2160 603 2205 κινήσεις
625 2164 746 2206 λέγειν,
768 2161 825 2199 τὰς
848 2161 877 2194 δ’
902 2162 1082 2206 ἐνεργείας.
1114 2167 1195 2197 1048
1209 2165 1230 2197 b
1247 2167 1298 2197 34.
1344 2165 1463 2195 Tamen
1487 2173 1551 2194 non

143 2217 221 2247 satis
245 2216 309 2247 sibi
331 2222 457 2249 constat
479 2220 514 2249 in
536 2220 597 2251 hoc
619 2218 746 2249 dicendi
767 2228 892 2259 genere,
917 2219 957 2252 cf.
980 2220 1054 2250 Eth.
1077 2220 1149 2251 Nic.
1172 2220 1197 2257 1,
1223 2223 1249 2250 1.
1279 2222 1359 2251 1094
1375 2229 1394 2250 a
1410 2221 1444 2250 3:
1476 2217 1550 2249 δια-

143 2267 234 2310 φορὰ
258 2267 299 2299 δέ
318 2280 365 2304 τις
387 2273 544 2311 φαίνεται
567 2272 632 2303 τῶν
654 2271 767 2303 τελῶν·
797 2269 836 2301 τὰ
859 2270 925 2313 μὲν
947 2270 1014 2313 γάρ
1037 2273 1122 2304 εἰσιν
1147 2271 1323 2313 ἐνέργειαι,
1348 2269 1385 2302 ιὰ
1409 2271 1448 2302 δὲ
1469 2270 1547 2311 παρ’

143 2320 243 2356 αὐτὰς
265 2322 347 2363 ἔργα
371 2322 454 2357 τινά.
476 2318 523 2357 ὧν
546 2324 576 2356 δ’
603 2327 668 2356 εἰσὶ
690 2326 763 2364 τέλη
785 2322 858 2356 τινὰ
883 2324 975 2367 παρὰ
1007 2325 1065 2360 τὰς
1096 2324 1241 2367 πράξεις,
1273 2326 1309 2358 ἐν
1332 2322 1459 2359 τούτοις
1480 2326 1550 2364 βελ-

142 2378 199 2408 τίω
223 2377 353 2416 πέφυκε
375 2378 442 2409 τῶν
464 2377 640 2421 ἐνεργειῶν
655 2377 694 2409 τὰ
710 2378 801 2418 ἔργα,
833 2379 939 2418 Atque
956 2381 1053 2410 etiam
1068 2378 1125 2418 τὴν
1142 2379 1312 2421 ἐνέργειαν
1327 2386 1422 2410 vocat
1438 2378 1550 2419 ἔργον,

136 2427 183 2462 cf.
206 2430 280 2461 Met.
308 2429 346 2467 Θ,
370 2431 399 2460 8.
426 2432 508 2461 1050
523 2441 543 2462 a
559 2434 614 2463 21:
638 2429 674 2462 τὸ
697 2429 763 2471 γὰρ
786 2429 888 2470 ἔργον
909 2434 1013 2473 τέλος,
1037 2430 1055 2471 ἦ
1079 2431 1117 2463 δὲ
1139 2431 1288 2473 ἐνέργεια
1311 2431 1346 2463 τὸ
1372 2431 1483 2473 ἔργον.

230 2483 254 2521 ³)
276 2483 324 2513 De
345 2487 425 2523 part.
450 2494 502 2515 an.
525 2486 551 2523 1,
574 2488 605 2517 5.
630 2489 689 2516 645
706 2485 728 2516 b
748 2488 796 2516 17.

228 2536 253 2576 ⁴)
276 2537 325 2567 De
346 2539 426 2576 part.
449 2547 500 2570 an.
523 2539 579 2578 IV,
604 2542 653 2572 12.
677 2539 773 2570 6941)
792 2541 848 2570 13:
872 2537 911 2570 τὰ
936 2537 965 2570 ‹5'
988 2535 1117 2581 ὄργανα
1135 2536 1218 2580 πρὸς
1234 2535 1269 2569 τὸ
1293 2537 1393 2581 ἔργον
1410 2535 1428 2578 ἡ
1447 2535 1550 2581 φύσις

140 2592 241 2631 ποιεῖ,
264 2587 334 2621 ἀλλ’
360 2586 399 2621 οὐ
420 2587 456 2621 τὸ
482 2590 583 2634 ἔργον
606 2589 689 2634 πρὸς
711 2589 749 2622 τὰ
773 2585 912 2634 ὄργανα.
