1837 3017
744 167 998 205 ..lq-

170 271 348 312 creandis
382 271 612 313 animalibus
647 277 846 312 menstrua
880 276 1013 311 movet
1047 283 1095 309 ex
1129 270 1257 323 iisque
1298 267 1443 308 animal
1487 285 1573 323 pro-

169 337 352 392 gignit¹).

270 406 412 459 Neque
448 407 560 446 aliter
596 421 657 446 res
692 412 734 445 s'e
767 406 886 446 habet
914 406 954 445 in
989 404 1258 444 effectionibus
1287 404 1396 443 artis.
1451 404 1499 443 In
1527 404 1573 443 iis

171 470 272 512 enim
309 472 543 527 principium
578 478 639 514 est
672 472 730 513 rei
769 473 895 513 forma
937 486 983 513 ac
1019 470 1169 527 species
1202 477 1333 513 mente
1368 477 1572 524 concepta.

171 539 208 577 A
234 539 393 580 notione
420 547 549 580 autem
577 541 635 579 rei
662 540 804 579 artifex
833 539 1041 593 cogitando
1069 539 1307 591 regreditur,
1337 539 1462 578 donec
1490 552 1576 592 per-

170 605 278 646 venit
313 606 362 648 ad
389 606 428 649 id
457 608 561 663 quod
593 609 677 662 ipse
712 612 841 660 potest
878 606 1046 648 efficere.
1102 605 1200 646 Inde
1229 612 1357 647 autem
1386 621 1505 660 agere
1535 614 1575 647 et

172 674 323 724 operari
352 675 500 729 incipit,
529 676 652 715 donee
679 688 722 714 re
750 675 902 714 exsistit
927 673 968 713 id
986 672 1089 713 unde
1114 673 1297 727 cogitatio
1317 680 1400 713 erat
1419 688 1573 715 exorsa.

173 738 299 788 Quam
329 742 561 783 contrariam
590 755 690 795 quae
717 741 819 781 inter
844 741 1119 795 cogitationem
1140 748 1178 781 et
1197 742 1440 782 effectionem
1459 743 1575 781 inter-

172 806 275 847 cedit
292 808 482 850 rationem
496 809 724 850 Aristotcles
744 808 986 857 demonstrat
1004 808 1203 863 proposito
1224 809 1404 863 exemplo
1421 809 1574 860 medici,

172 875 238 927 qui
267 875 462 918 hominem
490 883 758 931 aegrotantem
785 876 951 917 reddere
971 877 1054 916 vult
1073 891 1224 916 sanum.
1269 877 1428 917 Sanitas
1456 877 1575 930 igitur

174 942 209 982 ci
236 943 323 984 finis
352 950 412 985 est
438 945 673 999 propositus.
730 945 794 984 Ad
823 959 909 984 eam
938 949 1068 984 autem
1097 944 1343 984 efficiendam
1373 944 1578 984 restituen-

174 1010 224 1049 da
252 1017 311 1051 est
337 1012 440 1052 iusta
467 1013 639 1067 corporis
668 1013 886 1066 temperies.
941 1011 1053 1060 Quae
1074 1026 1160 1051 cum
1180 1012 1258 1052 tale
1287 1011 1380 1066 quid
1408 1012 1469 1062 sit,
1500 1011 1578 1051 effi-

175 1078 314 1129 cietur,
350 1079 382 1119 si
419 1081 572 1134 corpori
605 1080 779 1120 redditus
816 1079 934 1119 fuerit
967 1079 1085 1119 calor.
1142 1078 1270 1127 Quem
1307 1079 1463 1119 efficere
1499 1080 1577 1119 iam

173 1159 294 1198 penes
321 1147 449 1201 ipsum
478 1153 554 1199 est3
583 1153 699 1200 atque
728 1147 957 1187 efficitreum
977 1146 1167 1186 frictione.
1207 1146 1323 1187 Calor
1352 1154 1481 1187 autem
1511 1148 1577 1200 qui

175 1226 221 1251 ea
249 1214 289 1253 in
318 1228 481 1267 corpore
509 1214 661 1254 exsistit
687 1220 754 1253 aut
780 1228 872 1267 pars
901 1220 960 1254 est
988 1213 1163 1254 sanitatis
1191 1220 1257 1253 aut
1284 1214 1459 1267 sequitur
1488 1229 1577 1254 eum

174 1279 320 1334 aliquid
348 1281 453 1335 quod
479 1296 571 1335 pars
599 1282 775 1321 sanitatis
804 1287 873 1331 est,
903 1281 1022 1334 idque
1048 1288 1114 1321 aut
1133 1281 1264 1321 statim
1283 1287 1351 1320 aut
1369 1289 1457 1334 post
1476 1294 1579 1323 com·

174 1347 305 1401 plures
335 1348 648 1390 commutationis
675 1348 819 1402 gradus
830 1348 877 1399 ²).
931 1349 1020 1389 Hoc
1056 1355 1276 1389 extremum
1305 1356 1447 1399 autem,
1482 1351 1520 1390 h.
1543 1364 1577 1389 e.

175 1416 280 1456 calor
308 1417 374 1470 qui
401 1418 580 1457 frictione
611 1415 774 1464 exsistit,
804 1421 864 1455 est
887 1415 928 1455 id
956 1416 1061 1469 quod
1089 1416 1209 1456 efficit
1236 1416 1452 1466 sanitatem,
1482 1423 1521 1456 et
1540 1418 1580 1457 id

175 1485 279 1538 quod
306 1486 362 1524 ita
388 1499 431 1525 se
459 1486 593 1535 habet,
632 1489 676 1525 ut
703 1483 909 1523 sanitatem
941 1483 1106 1534 efficiat,
1141 1498 1232 1538 pars
1260 1485 1438 1524 sanitatis
1468 1486 1580 1539 est³).

177 1550 246 1591 Sic
281 1558 360 1591 tres
392 1552 582 1592 habemus
616 1565 753 1591 causas
792 1550 1018 1591 coniunctas
1046 1551 1120 1602 ita,
1157 1557 1199 1591 ut
1226 1551 1303 1591 sint
1331 1566 1420 1592 una.
1474 1553 1584 1594 Prin·

178 1619 320 1673 cipium
359 1620 463 1660 enim
497 1619 660 1659 actionis
699 1624 783 1658 erat
819 1618 977 1658 sanitas.
1033 1619 1145 1659 Haec
1182 1620 1349 1671 primum
1376 1627 1436 1659 est
1463 1635 1583 1661 causa

177 1685 370 1736 formalis,
408 1686 478 1726 sed
514 1686 650 1738 eadem
691 1692 751 1725 est
786 1700 904 1725 causa
935 1686 1081 1735 finalis,
1123 1700 1210 1725 cum
1249 1700 1335 1726 eam
1373 1688 1581 1727 restituere

178 1754 328 1793 medico
356 1753 406 1793 sit
433 1753 692 1806 propositum,
729 1760 847 1807 atque
875 1754 1023 1793 excitat
1050 1752 1281 1804 motionem,
1320 1769 1400 1807 qua
1428 1761 1470 1793 ut
1497 1756 1583 1808 ipsa

178 1835 220 1861 re
264 1820 426 1862 exsistat
466 1836 562 1875 opus
605 1821 717 1875 est⁴).
773 1822 964 1862 Videmus
1001 1820 1131 1874 igitur,
1174 1822 1502 1875 quemadmodum
1543 1823 1582 1863 in

177 1889 496 1943 generationibus
524 1890 785 1938 naturalibus,
822 1889 878 1928 ita
911 1889 1029 1929 etiam
1056 1889 1095 1929 in
1123 1889 1343 1929 artificiosis
1372 1890 1584 1931 effectioni-

178 1957 251 1998 bus
279 1964 358 1997 tres
385 1972 522 1997 causas
550 1957 679 1998 redire
705 1958 746 1997 in
773 1972 906 1998 unam.
962 1956 1042 1998 Sed
1079 1956 1226 2009 pariter
1253 1963 1372 2010 atque
1399 1958 1440 1997 in
1467 1959 1585 1998 rebus

270 2106 291 2145 ¹)
315 2106 389 2137 Met.
411 2106 453 2145 H,
476 2108 508 2137 4.
536 2109 617 2137 1044
632 2117 651 2138 a
666 2109 722 2138 34:
748 2101 821 2138 οἷον
843 2102 1028 2147 ἀνθρώπου
1043 2105 1091 2138 τίς
1107 2105 1196 2137 αἰτία
1213 2103 1256 2140 ὡς
1278 2103 1359 2145 ὕλη,-
1383 2101 1448 2146 ἆρα
1472 2103 1511 2137 τὰ
1529 2117 1585 2136 κα-

178 2157 339 2201 ταμήνια,·
362 2160 397 2189 τί
416 2157 448 2189 ‹5’
475 2156 517 2193 ὦς
539 2161 675 2197 κινοῦν,·
700 2156 765 2199 ἆρα
781 2159 817 2190 τὸ
834 2161 987 2201 σπέρμα,·
1010 2160 1058 2197 Λ,
1075 2161 1106 2189 6.
1135 2161 1212 2189 1071
1230 2160 1251 2190 b
1273 2162 1328 2190 29:
1353 2157 1392 2190 οὐ
1415 2158 1480 2199 γὰρ
1504 2158 1525 2198 ἥ
1546 2170 1583 2199 γε

179 2210 240 2253 ὕλη
263 2210 386 2252 κινήσει
411 2210 494 2252 αὐτὴ
517 2211 653 2254 ἑαυτήν,
681 2211 766 2244 ἀλλὰ
796 2210 982 2252 τεκτονική,
1012 2209 1093 2244 οὐδὲ
1125 2211 1164 2244 τὰ
1196 2210 1355 2254 ἐπιμήνια
1388 2210 1450 2243 οὐδ’
1457 2210 1465 2221 ²
1490 2209 1509 2253 ἡ
1533 2213 1585 2254 γῆ,

181 2264 265 2297 ἀλλὰ
286 2265 326 2297 τὰ
350 2267 526 2307 σπέρματα
549 2268 606 2298 καὶ
627 2264 646 2306 ἡ
669 2265 761 2307 γονή.

276 2319 298 2358 ’)
320 2319 398 2352 Met.
419 2320 462 2359 Z,
494 2323 522 2353 7.
555 2323 636 2353 1032
659 2321 680 2352 b
702 2323 758 2352 28:
786 2317 806 2359 ἢ
836 2318 891 2350 διὰ
920 2316 1103 2358 πλειόνων,
1141 2320 1181 2350 cf.
1212 2320 1385 2351 Alexandr.
1415 2319 1584 2359 Aphrodis.

183 2374 289 2406 Schol.
311 2376 347 2403 in
368 2374 502 2404 Aristot.
526 2375 598 2405 0011.
622 2375 769 2406 Brandis.
799 2383 831 2413 p.
849 2376 909 2403 750
926 2373 946 2403 b
966 2376 980 2402 l
1006 2383 1075 2412 sqq.
1120 2373 1245 2403 Bonitz.
1270 2377 1435 2402 comment.
1464 2383 1494 2411 p.
1513 2374 1585 2410 323,

183 2428 239 2469 qui
261 2426 354 2457 illum
376 2426 410 2456 in
433 2427 693 2468 interpretatione
716 2427 813 2458 huius
835 2426 899 2457 loci
923 2429 1052 2457 secutus
1076 2430 1134 2458 est.

271 2481 295 2522 ³)
317 2482 354 2514 L.
377 2481 398 2511 l.
422 2480 443 2512 b
460 2483 515 2511 28:
546 2482 643 2513 τοῦτο
675 2479 708 2512 δ’
734 2480 876 2522 ἔσχατον
897 2479 933 2512 τὸ
959 2482 1097 2518 ποιοῦν,
1127 2481 1182 2511 καὶ
1210 2479 1246 2511 τὸ
1272 2477 1374 2514 οὕτως
1393 2481 1496 2521 μέρος
1518 2479 1588 2510 ἐστὶ

183 2537 236 2576 τῆς
260 2533 396 2577 ὑγιείας.

270 2589 296 2629 ⁴)
323 2591 402 2622 1032
418 2588 439 2620 b
457 2591 510 2619 21:
535 2586 571 2629 Τὸ
597 2587 637 2628 δὴ
661 2588 782 2620 ποιοῦν
805 2587 861 2618 καὶ
884 2584 972 2620 ὅθεν
997 2583 1130 2630 ἄρχεται
1148 2585 1166 2627 ἡ
1183 2589 1307 2626 κίνησις
1330 2586 1388 2617 τοῦ
1413 2583 1588 2627 ὑγιαίνειν,

186 2643 244 2675 ἐὰν
265 2643 330 2686 μὲν
352 2641 420 2673 ἀπὸ
443 2643 568 2683 τέχνης,
591 2642 626 2673 τὸ
651 2640 739 2676 εἶδός
761 2641 830 2673 ἐστι
853 2640 888 2673 τὸ
913 2641 948 2675 ἐν
972 2643 1010 2686 τῇ
1034 2643 1137 2684 ψυχῇ.

1323 2701 1346 2739 2
