1837 3017
843 161 1094 200 „70—

260 267 310 307 cf.
339 266 460 321 Phys.
490 265 605 316 VIII,
633 268 670 308 4.
700 265 779 306 255
796 266 822 306 b
841 265 885 305 2:
914 261 937 306 ὁ
964 263 1048 319 γὰρ’
1067 264 1166 316 ἔχων
1184 262 1410 318 ἐπιστήμην
1425 265 1483 320 μή
1501 263 1673 319 θεωρῶν

262 334 309 375 δὲ
338 332 507 383 δυνάμει
535 331 642 373 ἐστὶν
670 331 907 386 ἐπιστήμων
932 346 1040 379 πως,
1070 329 1165 371 ἀλλ’
1196 328 1270 381 οὐχ
1296 328 1352 379 ὥς
1378 333 1448 372 καὶ
1473 332 1568 386 πρὶν
1592 347 1673 383 μα·-

263 405 370 442 estu.
401 400 498 441 ὅταν
516 397 556 440 δ’
579 397 712 449 οὕτως
738 398 819 454 ἔχῃ,
847 396 918 440 ἐάν
944 414 985 439 τι
1002 398 1058 451 μὴ
1077 397 1229 452 κωλύῃ,
1255 398 1406 452 ἐνεργεῖ
1420 399 1491 440 καὶ
1507 402 1672 453 θεωρεῖ.

263 470 328 508 De
356 469 473 506 anim.
503 468 558 518 11,
587 468 623 507 5.
651 468 727 507 417
750 468 773 506 b
792 468 837 506 5:
874 468 1060 519 θεωροῦν
1094 465 1172 519 γὰρ
1203 464 1384 519 γίγνεται
1413 465 1463 507 τὸ
1488 465 1578 517 ἕχον
1601 465 1675 520 τὴν

262 531 500 586 ἐπιστήμην.
547 536 729 588 Itaque
757 535 865 582 hoc,
894 534 976 573 scil.
1007 535 1112 587 quod
1141 540 1233 573 actu
1260 540 1320 573 est
1345 527 1613 587 intellegibilis
1638 540 1677 573 et

262 603 500 657 speculatur,
528 604 682 654 magis
711 615 849 654 quam
878 600 1013 652 illud,
1043 602 1126 641 scil.
1157 601 1262 655 quod
1290 615 1417 655 capax
1445 608 1505 641 est
1530 601 1677 642 intelle-

261 670 393 723 gibilis
421 668 640 722 recipiendi
669 673 706 706 et
734 668 962 721 speculandi
991 668 1112 708 utitur
1138 668 1335 722 potentia,
1375 674 1451 707 est
1476 668 1522 707 id
1551 668 1676 722 quod

263 738 430 777 divini
466 736 746 776 intellectus
783 734 969 773 habere
1003 736 1216 775 videtur.
1271 736 1375 775 Nam
1409 735 1507 774 haec
1533 735 1677 775 mentis

264 804 451 858 cogitatio
486 804 545 844 sui
579 802 701 857 ipsius
735 817 886 842 summa
917 802 1086 843 hominis
1120 804 1222 844 actio
1260 809 1321 844 est
1353 809 1473 857 atque
1507 816 1571 852 ea,
1606 817 1678 857 per

264 869 383 925 (inam
422 884 545 925 prope
579 871 628 908 ad
662 869 784 908 vitam
813 869 985 909 divinam
1019 871 1200 920 accedat,
1240 871 1288 910 cf.
1318 870 1411 909 Eth.
1440 870 1530 910 Nic.
1559 870 1613 916 X,
1641 870 1677 908 7.

267 938 365 978 1177
396 938 420 976 b
449 938 511 976 26.
585 938 751 989 Atque
797 937 1072 988 speculatio
1117 937 1469 989 gratissimum
1515 942 1588 975 est
1631 942 1678 975 et

266 1004 514 1057 optimum.
571 1004 656 1043 Iam
693 1003 783 1043 huic
817 1003 1178 1057 praestantissimae
1215 1010 1255 1044 et
1289 1004 1537 1044 beatissimae
1573 1003 1677 1042 vitae

262 1071 457 1111 humanae
497 1070 752 1124 philosophus
793 1071 945 1111 confert
986 1070 1161 1110 divinam
1176 1072 1219 1123 ¹).
1289 1071 1341 1112 Si
1385 1072 1543 1124 igitur
1582 1076 1677 1110 tam

359 1234 380 1272 ¹)
403 1234 626 1273 Schweglerus
649 1236 740 1272 putat
756 1233 856 1263 verba
882 1233 956 1263 inde
979 1243 998 1263 a
1019 1233 1040 1263 b
1061 1235 1117 1264 18:
1140 1230 1159 1272 ὴ
1176 1232 1215 1263 δὲ
1230 1231 1376 1272 νόησιςὴ
1395 1230 1474 1264 καθ’
1493 1229 1595 1270 αὑτήν
1611 1232 1679 1263 κτλ.

266 1287 431 1319 referenda
454 1297 524 1318 esse
546 1286 587 1318 ad
608 1290 745 1317 mentem
770 1286 923 1317 divinam.
959 1285 1021 1316 Oui
1036 1288 1213 1318 sententiae
1228 1288 1366 1328 primum
1389 1287 1489 1318 totius
1511 1287 1575 1317 loci
1596 1285 1679 1317 ratio

266 1341 383 1373 obstat.
427 1342 508 1372 Nam
532 1350 605 1371 cum
628 1341 746 1371 dixerit
767 1339 979 1380 philosophus
1002 1339 1022 1370 b
1043 1343 1096 1371 14:
1121 1338 1273 1382 διαγωγὴ
1294 1339 1330 1371 δ’
1349 1340 1439 1373 ἐστὶν
1455 1340 1510 1371 οῗα
1525 1337 1544 1380 ἡ
1560 1337 1678 1382 ἀρίστη

266 1392 390 1436 μικρὸν
410 1391 540 1436 χρόνον
562 1391 655 1436 ἡμῖν,
686 1404 768 1435 quae
797 1394 840 1424 sit
862 1397 972 1424 nostra
994 1395 1063 1425 vita
1085 1396 1206 1435 optima
1228 1395 1406 1427 docendum
1428 1398 1485 1426 est.
1530 1394 1603 1425 Hoc
1623 1403 1680 1433 per

267 1459 302 1479 se
325 1449 508 1488 requiritur.
553 1449 721 1479 Praeterea
743 1452 849 1478 autem
872 1447 970 1477 verba
993 1458 1074 1488 quae
1096 1449 1248 1490 leguntur
1270 1448 1291 1479 b
1309 1451 1366 1479 24:
1390 1449 1419 1478 εἰ
1441 1443 1501 1479 οὖν
1525 1444 1628 1481 οὕτως
1642 1440 1678 1477 εὖ

266 1501 352 1541 ἔχει,
382 1498 425 1535 ὠς
446 1498 540 1542 ἡμεῖς
562 1502 661 1538 ποτέ,
693 1498 710 1531 ὁ
734 1499 813 1535 θεὸς
835 1497 904 1540 ἀεί,
933 1499 1153 1542 θαυμαστόν·
1179 1503 1208 1532 εἰ
1238 1500 1277 1532 δὲ
1298 1501 1439 1543 μᾶλλον,
1469 1500 1515 1532 ἔτι
1543 1504 1680 1542 θαυμα-

269 1551 439 1595 σιώτερον,
471 1555 550 1585 satis
580 1554 694 1585 docent
715 1564 753 1585 ea
776 1563 857 1593 quae
887 1554 1076 1585 antecedant
1097 1557 1253 1595 pertinere
1275 1555 1316 1586 ad
1337 1559 1474 1586 mentem
1496 1554 1679 1585 humanam.

269 1609 417 1647 Denique
440 1609 475 1637 in
499 1608 647 1638 divinum
670 1608 868 1653 intellectum
892 1609 1024 1638 minime
1047 1609 1165 1639 cadunt
1187 1609 1282 1640 haec:
1304 1607 1421 1646 νοητὸς
1442 1607 1508 1648 γὰρ
1530 1609 1679 1647 γίγνεται

268 1658 443 1702 θιγγάνων
472 1660 529 1690 καὶ
559 1660 649 1691 νοῶν
673 1659 691 1691 1)
715 1663 752 1691 20
784 1664 815 1690 et
843 1658 878 1691 τὸ
910 1658 976 1702 γὰρ
1006 1658 1158 1694 δεκτικὸν
1185 1661 1244 1692 τοῦ
1265 1661 1387 1700 νοητοῦ
1410 1660 1543 1699 καὶτῆς
1565 1657 1680 1694 οὐσίας

267 1715 345 1749 νοῦς
372 1714 393 1745 b
422 1717 471 1744 22.
517 1713 635 1744 Contra
663 1714 831 1743 Bonitzius
861 1714 899 1745 de
927 1719 1032 1745 mente
1070 1715 1210 1746 humana
1242 1716 1357 1747 disseri
1387 1719 1479 1755 putat
1507 1724 1611 1755 usque
1639 1713 1680 1744 ad

266 1768 380 1799 verba:
403 1766 439 1798 τὸ
464 1766 529 1808 γὰρ
553 1764 707 1798 δεκτικὸν
729 1767 790 1797 τοῦ
811 1768 933 1805 νοητοῦ
956 1769 1013 1798 καὶ
1035 1769 1090 1807 τῆς
1106 1766 1222 1803 οὐσίας
1243 1769 1333 1807 νοῦς,
1357 1773 1454 1808 atque
1476 1768 1593 1798 reverti
1615 1766 1680 1797 dis-

267 1821 467 1862 putationem
497 1820 537 1851 ad
565 1820 764 1851 intellectum
794 1820 940 1851 divinum
968 1822 1042 1852 inde
1071 1833 1090 1853 a
1121 1822 1228 1853 verbis
1258 1822 1389 1863 ἐνεργεῖ
1415 1820 1453 1852 δὲ
1476 1820 1563 1862 ἔχων
1583 1820 1604 1852 b
1628 1823 1679 1851 22.

269 1876 318 1907 ef.
343 1878 511 1906 comment.
541 1885 573 1915 p.
592 1876 667 1906 501:
703 1874 910 1912 ,Intellectus
938 1876 1023 1907 enim
1052 1881 1164 1916 suapte
1193 1880 1307 1908 natura
1334 1880 1428 1916 aptus
1456 1880 1504 1906 est
1531 1875 1571 1907 ad
1600 1874 1678 1906 reoi-

270 1929 421 1968 piendum
445 1929 478 1958 id
501 1928 586 1969 quod
614 1931 663 1958 est
690 1928 918 1967 intellegibile,
947 1929 980 1958 id
1010 1934 1059 1959 est
1089 1933 1195 1960 autem
1224 1930 1264 1960 ad
1290 1929 1503 1969 recipiendam
1532 1928 1680 1959 substan-

269 1983 359 2013 tiam.
405 1982 555 2011 Summus
578 1990 653 2010 vero
676 1981 872 2019 intellectus,
896 1982 1047 2020 quoniam
1070 1983 1188 2022 ipsein
1207 1992 1242 2012 se
1259 1983 1402 2013 continet
1424 1985 1519 2022 atque
1541 1983 1611 2021 ipse
1633 1985 1682 2012 est

269 2033 305 2067 τὸ
328 2031 460 2073 νοητόν,
483 2044 547 2064 non
570 2033 754 2065 facultatem
777 2035 881 2065 solum
910 2034 1006 2066 habet
1028 2035 1249 2076 intellegendi,
1279 2036 1335 2066 sed
1363 2034 1519 2077 ἐνεργεῖ*
1567 2035 1629 2067 Sed
1651 2036 1679 2067 si

270 2090 343 2129 quis
367 2089 463 2118 dicit:
495 2085 531 2118 ro
561 2084 626 2127 γὰρ
657 2084 812 2118 δεκτικὸν
840 2087 900 2117 τοῦ
928 2088 1049 2129 νοητοῦ
1073 2090 1130 2118 καὶ
1151 2089 1205 2127 τῆς
1227 2086 1345 2122 οὐσίας
1365 2088 1462 2125 νοῦς,
1491 2088 1622 2130 ἐνεργεῖ
1641 2088 1678 2119 δὲ

270 2142 357 2184 ἔχων
379 2142 537 2183 posterior
558 2141 721 2172 enunciati
743 2151 816 2182 pars
839 2141 984 2173 subiecto
1008 2143 1055 2173 uti
1079 2153 1143 2173 non
1165 2147 1269 2184 potest
1292 2142 1357 2174 alio
1379 2147 1474 2183 atque
1494 2153 1566 2184 pars
1582 2145 1678 2185 prior.

268 2198 378 2237 Neque
406 2200 561 2236 punctum
592 2196 773 2235 ponendum
804 2200 852 2226 est
880 2200 953 2226 ante
986 2196 1084 2227 verba
1111 2195 1242 2237 ἐνεργεῖ
1269 2196 1305 2227 δὲ
1336 2197 1432 2237 ἔχων,
1460 2199 1516 2229 sed
1545 2207 1678 2236 comma,

270 2260 342 2281 cum
365 2251 416 2280 his
439 2253 530 2280 actus
555 2252 734 2290 opponatur
756 2249 927 2289 potentiae,
951 2259 1032 2289 quae
1054 2250 1256 2291 significatur
1271 2250 1375 2290 priore
1390 2252 1566 2282 sententiae
1580 2254 1680 2292 parte.

272 2306 386 2336 Confer
414 2305 465 2334 his
489 2304 597 2333 verbis
626 2303 733 2333 locum
761 2304 816 2341 qui
845 2308 893 2332 est
923 2303 961 2333 de
991 2306 1088 2333 anim.
1113 2305 1177 2341 111,
1201 2306 1230 2333 4.
1255 2307 1316 2334 429
1334 2304 1353 2334 b
1372 2306 1427 2334 30:
1459 2303 1509 2336 Su
1538 2303 1680 2346 δυνάμει

271 2356 343 2393 πώς
363 2357 429 2389 ἐστι
454 2354 493 2388 τὰ
516 2354 617 2396 νοητὰ
643 2353 659 2386 ὁ
684 2355 774 2394 νοῦς,
806 2352 880 2385 ἀλλ’
903 2354 1086 2397 ἐντελεχείᾳ
1110 2354 1220 2394 οὐδέν,
1245 2357 1325 2399 πρὶν
1346 2353 1389 2389 ἂν
1409 2357 1481 2401 νοῇ.
1515 2359 1681 2390 Praeterea

272 2417 378 2444 autem
400 2422 440 2442 ne
463 2416 531 2442 tum
554 2411 699 2450 quidem,
724 2411 751 2440 si
776 2410 807 2440 id
831 2411 914 2449 quod
936 2412 1009 2441 vult
1030 2411 1198 2441 Bonitzius
1225 2413 1387 2450 statuitur,
1418 2412 1603 2453 philosophi
1625 2422 1679 2444 ex-

271 2467 387 2507 positio
411 2468 483 2506 apte
505 2464 656 2505 procedit.
703 2464 782 2494 Nam
806 2463 917 2494 verba:
945 2465 975 2494 εἰ
997 2459 1058 2495 οὖν
1082 2461 1185 2498 οὕτως
1205 2459 1240 2495 εὖ
1264 2463 1342 2506 ἔχει,
1366 2462 1409 2501 ὠς
1431 2462 1524 2508 ἡμεῖς
1546 2465 1637 2504 ποτέ,
1661 2463 1677 2496 ὁ

272 2517 350 2554 θεὸς
373 2518 437 2557 αἐί,
460 2515 671 2561 θαυμαστόν·
695 2519 895 2558 apertissimo
918 2524 994 2550 sunt
1016 2519 1148 2557 indicio,
1172 2528 1209 2549 ea
1224 2529 1305 2559 quae
1320 2521 1508 2551 antecedant
1530 2520 1571 2550 ad
1591 2529 1678 2551 men-

271 2578 335 2604 tem
364 2577 505 2613 spectare
535 2572 718 2602 humanam.
763 2573 875 2612 Itaque
905 2574 1135 2603 sententiarum
1164 2571 1366 2603 cohaerentia
1392 2582 1463 2604 esse
1490 2582 1553 2603 non
1575 2576 1678 2613 potest

272 2628 337 2658 nisi
358 2627 450 2658 haec:
476 2626 527 2657 dei
548 2629 699 2666 perpetuo
723 2626 790 2657 vita
812 2630 870 2665 est,
903 2626 1009 2666 qualis
1032 2626 1162 2665 optima,
1187 2636 1267 2666 quae
1288 2626 1383 2658 nobis
1406 2636 1461 2666 per
1483 2626 1578 2658 breve
1600 2631 1677 2659 tem—
