<?xml version="1.0" encoding="UTF-8"?>
<!DOCTYPE html PUBLIC "-//W3C//DTD XHTML 1.0 Transitional//EN"
    "http://www.w3.org/TR/xhtml1/DTD/xhtml1-transitional.dtd">
<html xmlns="http://www.w3.org/1999/xhtml" xml:lang="en" lang="en">
 <head>
  <title>
</title>
<meta http-equiv="Content-Type" content="text/html;charset=utf-8" />
  <meta name='ocr-system' content='tesseract 3.04.00' />
  <meta name='ocr-capabilities' content='ocr_page ocr_carea ocr_par ocr_line ocrx_word'/>
</head>
<body>
  <div class='ocr_page' id='page_1' title='image "4737903_0092.png"; bbox 0 0 1837 3017; ppageno 0'>
   <div class='ocr_carea' id='block_1_1' title="bbox 787 211 1039 250">
    <p class='ocr_par' dir='ltr' id='par_1_1' title="bbox 787 211 1039 250">
     <span class='ocr_line' id='line_1_1' title="bbox 787 211 1039 250; baseline -0.004 -9"><span class='ocrx_word' id='word_1_1' title='bbox 787 211 1039 250; x_wconf 74' lang='grc'>-78-</span> 
     </span>
    </p>
   </div>
   <div class='ocr_carea' id='block_1_2' title="bbox 206 312 1640 2317">
    <p class='ocr_par' dir='ltr' id='par_1_2' title="bbox 206 312 1622 825">
     <span class='ocr_line' id='line_1_2' title="bbox 210 312 1621 369; baseline 0.001 -15"><span class='ocrx_word' id='word_1_2' title='bbox 210 314 281 355; x_wconf 84' lang='grc'><strong>141</strong></span> <span class='ocrx_word' id='word_1_3' title='bbox 302 314 332 354; x_wconf 82' lang='lat' dir='ltr'><strong>b</strong></span> <span class='ocrx_word' id='word_1_4' title='bbox 349 314 493 368; x_wconf 75' lang='lat' dir='ltr'><strong>bseqq.</strong></span> <span class='ocrx_word' id='word_1_5' title='bbox 521 318 708 367; x_wconf 82' lang='lat' dir='ltr'><strong>punctum</strong></span> <span class='ocrx_word' id='word_1_6' title='bbox 737 315 844 367; x_wconf 81' lang='lat' dir='ltr'><strong>prius</strong></span> <span class='ocrx_word' id='word_1_7' title='bbox 864 327 949 354; x_wconf 82' lang='lat' dir='ltr'><strong>esse</strong></span> <span class='ocrx_word' id='word_1_8' title='bbox 973 312 1067 353; x_wconf 86' lang='lat' dir='ltr'><strong>dicit</strong></span> <span class='ocrx_word' id='word_1_9' title='bbox 1092 313 1197 354; x_wconf 80' lang='lat' dir='ltr'><strong>linea</strong></span> <span class='ocrx_word' id='word_1_10' title='bbox 1222 318 1341 368; x_wconf 81' lang='lat' dir='ltr'><strong>atque</strong></span> <span class='ocrx_word' id='word_1_11' title='bbox 1369 316 1512 356; x_wconf 85' lang='lat' dir='ltr'><strong>lineam</strong></span> <span class='ocrx_word' id='word_1_12' title='bbox 1540 315 1621 369; x_wconf 73' lang='lat' dir='ltr'><strong>pla-</strong></span> 
     </span>
     <span class='ocr_line' id='line_1_3' title="bbox 206 380 1620 434; baseline 0.002 -15"><span class='ocrx_word' id='word_1_13' title='bbox 206 381 302 421; x_wconf 86' lang='lat' dir='ltr'><strong>nitie</strong></span> <span class='ocrx_word' id='word_1_14' title='bbox 329 388 369 421; x_wconf 88' lang='lat' dir='ltr'><strong>et</strong></span> <span class='ocrx_word' id='word_1_15' title='bbox 396 381 595 434; x_wconf 77' lang='lat' dir='ltr'><strong>planitiem</strong></span> <span class='ocrx_word' id='word_1_16' title='bbox 624 394 802 433; x_wconf 83' lang='lat' dir='ltr'><strong>corpore,</strong></span> <span class='ocrx_word' id='word_1_17' title='bbox 830 381 868 419; x_wconf 91' lang='lat' dir='ltr'><strong>h.</strong></span> <span class='ocrx_word' id='word_1_18' title='bbox 889 394 924 419; x_wconf 87' lang='lat' dir='ltr'><strong>e.</strong></span> <span class='ocrx_word' id='word_1_19' title='bbox 953 380 1279 432; x_wconf 83' lang='lat' dir='ltr'><strong>geometricarum</strong></span> <span class='ocrx_word' id='word_1_20' title='bbox 1307 381 1525 434; x_wconf 76' lang='lat' dir='ltr'><strong>figurarum</strong></span> <span class='ocrx_word' id='word_1_21' title='bbox 1548 382 1620 422; x_wconf 85' lang='lat' dir='ltr'><strong>ori-</strong></span> 
     </span>
     <span class='ocr_line' id='line_1_4' title="bbox 208 447 1620 502; baseline 0.001 -14"><span class='ocrx_word' id='word_1_22' title='bbox 208 447 342 501; x_wconf 89' lang='lat' dir='ltr'><strong>ginem</strong></span> <span class='ocrx_word' id='word_1_23' title='bbox 371 461 391 487; x_wconf 92' lang='lat' dir='ltr'><strong>e</strong></span> <span class='ocrx_word' id='word_1_24' title='bbox 419 453 563 501; x_wconf 88' lang='lat' dir='ltr'><strong>puncto</strong></span> <span class='ocrx_word' id='word_1_25' title='bbox 592 447 747 500; x_wconf 88' lang='lat' dir='ltr'><strong>repetit.</strong></span> <span class='ocrx_word' id='word_1_26' title='bbox 801 447 944 487; x_wconf 90' lang='lat' dir='ltr'><strong>Mentis</strong></span> <span class='ocrx_word' id='word_1_27' title='bbox 973 448 1078 488; x_wconf 90' lang='lat' dir='ltr'><strong>enim</strong></span> <span class='ocrx_word' id='word_1_28' title='bbox 1106 447 1275 501; x_wconf 79' lang='lat' dir='ltr'><strong>cognitio</strong></span> <span class='ocrx_word' id='word_1_29' title='bbox 1311 448 1570 502; x_wconf 83' lang='lat' dir='ltr'><strong>proficiscitur</strong></span> <span class='ocrx_word' id='word_1_30' title='bbox 1597 463 1620 489; x_wconf 82' lang='lat' dir='ltr'><strong>a</strong></span> 
     </span>
     <span class='ocr_line' id='line_1_5' title="bbox 209 515 1619 568; baseline 0.001 -14"><span class='ocrx_word' id='word_1_31' title='bbox 209 516 326 554; x_wconf 85' lang='lat' dir='ltr'><strong>rebus</strong></span> <span class='ocrx_word' id='word_1_32' title='bbox 362 515 571 563; x_wconf 78' lang='lat' dir='ltr'>concretis,</span> <span class='ocrx_word' id='word_1_33' title='bbox 612 521 655 554; x_wconf 86' lang='lat' dir='ltr'><strong>ut</strong></span> <span class='ocrx_word' id='word_1_34' title='bbox 690 528 792 567; x_wconf 87' lang='lat' dir='ltr'><strong>quae</strong></span> <span class='ocrx_word' id='word_1_35' title='bbox 833 515 944 554; x_wconf 90' lang='lat' dir='ltr'><strong>nobis</strong></span> <span class='ocrx_word' id='word_1_36' title='bbox 978 516 1055 555; x_wconf 88' lang='lat' dir='ltr'><strong>sint</strong></span> <span class='ocrx_word' id='word_1_37' title='bbox 1090 515 1274 555; x_wconf 86' lang='lat' dir='ltr'><strong>clariores</strong></span> <span class='ocrx_word' id='word_1_38' title='bbox 1309 521 1349 555; x_wconf 84' lang='lat' dir='ltr'><strong>et</strong></span> <span class='ocrx_word' id='word_1_39' title='bbox 1383 516 1619 568; x_wconf 81' lang='lat' dir='ltr'><strong>apertiores3</strong></span> 
     </span>
     <span class='ocr_line' id='line_1_6' title="bbox 210 580 1618 636; baseline 0 -13"><span class='ocrx_word' id='word_1_40' title='bbox 210 582 456 623; x_wconf 86' lang='lat' dir='ltr'><strong>dissolvendo</strong></span> <span class='ocrx_word' id='word_1_41' title='bbox 485 589 615 623; x_wconf 88' lang='lat' dir='ltr'><strong>autem</strong></span> <span class='ocrx_word' id='word_1_42' title='bbox 644 596 711 622; x_wconf 83' lang='lat' dir='ltr'><strong>eas</strong></span> <span class='ocrx_word' id='word_1_43' title='bbox 740 581 788 621; x_wconf 88' lang='lat' dir='ltr'><strong>ad</strong></span> <span class='ocrx_word' id='word_1_44' title='bbox 817 580 953 622; x_wconf 84' lang='lat' dir='ltr'><strong>ultima</strong></span> <span class='ocrx_word' id='word_1_45' title='bbox 988 582 1183 623; x_wconf 84' lang='lat' dir='ltr'><strong>elementa</strong></span> <span class='ocrx_word' id='word_1_46' title='bbox 1211 596 1426 636; x_wconf 85' lang='lat' dir='ltr'><strong>causasque</strong></span> <span class='ocrx_word' id='word_1_47' title='bbox 1454 583 1618 634; x_wconf 79' lang='lat' dir='ltr'><strong>reducit,</strong></span> 
     </span>
     <span class='ocr_line' id='line_1_7' title="bbox 209 650 1621 703; baseline 0.001 -14"><span class='ocrx_word' id='word_1_48' title='bbox 209 665 286 703; x_wconf 91' lang='lat' dir='ltr'><strong>quo</strong></span> <span class='ocrx_word' id='word_1_49' title='bbox 308 651 412 689; x_wconf 88' lang='lat' dir='ltr'><strong>facto</strong></span> <span class='ocrx_word' id='word_1_50' title='bbox 434 650 511 689; x_wconf 85' lang='lat' dir='ltr'><strong>iam</strong></span> <span class='ocrx_word' id='word_1_51' title='bbox 534 651 582 689; x_wconf 87' lang='lat' dir='ltr'><strong>ab</strong></span> <span class='ocrx_word' id='word_1_52' title='bbox 604 650 675 700; x_wconf 90' lang='lat' dir='ltr'><strong>his,</strong></span> <span class='ocrx_word' id='word_1_53' title='bbox 703 664 803 703; x_wconf 87' lang='lat' dir='ltr'><strong>quae</strong></span> <span class='ocrx_word' id='word_1_54' title='bbox 824 664 892 702; x_wconf 89' lang='lat' dir='ltr'><strong>per</strong></span> <span class='ocrx_word' id='word_1_55' title='bbox 913 664 955 689; x_wconf 86' lang='lat' dir='ltr'><strong>se</strong></span> <span class='ocrx_word' id='word_1_56' title='bbox 976 656 1066 689; x_wconf 89' lang='lat' dir='ltr'><strong>sunt</strong></span> <span class='ocrx_word' id='word_1_57' title='bbox 1085 650 1262 703; x_wconf 75' lang='lat' dir='ltr'><strong>planiora</strong></span> <span class='ocrx_word' id='word_1_58' title='bbox 1283 656 1323 690; x_wconf 89' lang='lat' dir='ltr'><strong>et</strong></span> <span class='ocrx_word' id='word_1_59' title='bbox 1341 650 1621 700; x_wconf 80' lang='lat' dir='ltr'>manifestiora,</span> 
     </span>
     <span class='ocr_line' id='line_1_8' title="bbox 209 716 1622 769; baseline -0.001 -12"><span class='ocrx_word' id='word_1_60' title='bbox 209 731 387 766; x_wconf 85' lang='lat' dir='ltr'><strong>exorsus,</strong></span> <span class='ocrx_word' id='word_1_61' title='bbox 415 716 585 757; x_wconf 78' lang='lat' dir='ltr'>fortuitis</span> <span class='ocrx_word' id='word_1_62' title='bbox 613 730 743 756; x_wconf 89' lang='lat' dir='ltr'><strong>rerum</strong></span> <span class='ocrx_word' id='word_1_63' title='bbox 773 716 873 756; x_wconf 88' lang='lat' dir='ltr'><strong>notis</strong></span> <span class='ocrx_word' id='word_1_64' title='bbox 902 721 942 755; x_wconf 84' lang='lat' dir='ltr'><strong>et</strong></span> <span class='ocrx_word' id='word_1_65' title='bbox 970 717 1223 769; x_wconf 85' lang='lat' dir='ltr'><strong>qualitatibus</strong></span> <span class='ocrx_word' id='word_1_66' title='bbox 1252 717 1416 767; x_wconf 86' lang='lat' dir='ltr'><strong>omissis,</strong></span> <span class='ocrx_word' id='word_1_67' title='bbox 1445 722 1622 756; x_wconf 82' lang='lat' dir='ltr'><strong>constan-</strong></span> 
     </span>
     <span class='ocr_line' id='line_1_9' title="bbox 208 785 1259 825; baseline 0 -1"><span class='ocrx_word' id='word_1_68' title='bbox 208 792 285 824; x_wconf 87' lang='lat' dir='ltr'><strong>tem</strong></span> <span class='ocrx_word' id='word_1_69' title='bbox 315 800 362 824; x_wconf 87' lang='lat' dir='ltr'><strong>ac</strong></span> <span class='ocrx_word' id='word_1_70' title='bbox 386 786 648 824; x_wconf 88' lang='lat' dir='ltr'><strong>necessariam</strong></span> <span class='ocrx_word' id='word_1_71' title='bbox 677 799 813 825; x_wconf 87' lang='lat' dir='ltr'><strong>earum</strong></span> <span class='ocrx_word' id='word_1_72' title='bbox 840 789 1018 824; x_wconf 83' lang='lat' dir='ltr'><strong>naturam</strong></span> <span class='ocrx_word' id='word_1_73' title='bbox 1048 785 1259 824; x_wconf 87' lang='lat' dir='ltr'><strong>constituit.</strong></span> 
     </span>
    </p>

    <p class='ocr_par' dir='ltr' id='par_1_3' title="bbox 206 850 1625 1780">
     <span class='ocr_line' id='line_1_10' title="bbox 314 850 1621 906; baseline -0.001 -15"><span class='ocrx_word' id='word_1_74' title='bbox 314 851 428 900; x_wconf 84' lang='lat' dir='ltr'><strong>Quae</strong></span> <span class='ocrx_word' id='word_1_75' title='bbox 456 852 596 892; x_wconf 89' lang='lat' dir='ltr'><strong>mentis</strong></span> <span class='ocrx_word' id='word_1_76' title='bbox 624 852 682 892; x_wconf 82' lang='lat' dir='ltr'><strong>vis</strong></span> <span class='ocrx_word' id='word_1_77' title='bbox 710 859 754 892; x_wconf 92' lang='lat' dir='ltr'><strong>ut</strong></span> <span class='ocrx_word' id='word_1_78' title='bbox 781 851 953 906; x_wconf 88' lang='lat' dir='ltr'><strong>apertior</strong></span> <span class='ocrx_word' id='word_1_79' title='bbox 982 851 1042 900; x_wconf 92' lang='lat' dir='ltr'><strong>sit,</strong></span> <span class='ocrx_word' id='word_1_80' title='bbox 1069 850 1109 890; x_wconf 90' lang='lat' dir='ltr'><strong>in</strong></span> <span class='ocrx_word' id='word_1_81' title='bbox 1134 852 1362 892; x_wconf 81' lang='lat' dir='ltr'>memoriam</span> <span class='ocrx_word' id='word_1_82' title='bbox 1389 864 1621 892; x_wconf 78' lang='lat' dir='ltr'><strong>revocamus</strong></span> 
     </span>
     <span class='ocr_line' id='line_1_11' title="bbox 208 917 1620 972; baseline 0 -14"><span class='ocrx_word' id='word_1_83' title='bbox 208 919 360 959; x_wconf 91' lang='lat' dir='ltr'><strong>initium</strong></span> <span class='ocrx_word' id='word_1_84' title='bbox 394 919 507 972; x_wconf 86' lang='lat' dir='ltr'><strong>primi</strong></span> <span class='ocrx_word' id='word_1_85' title='bbox 535 920 787 961; x_wconf 91' lang='lat' dir='ltr'><strong>Politicorum</strong></span> <span class='ocrx_word' id='word_1_86' title='bbox 829 919 936 968; x_wconf 88' lang='lat' dir='ltr'>libri,</span> <span class='ocrx_word' id='word_1_87' title='bbox 969 917 1036 957; x_wconf 88' lang='lat' dir='ltr'><strong>ubi</strong></span> <span class='ocrx_word' id='word_1_88' title='bbox 1074 919 1402 971; x_wconf 81' lang='lat' dir='ltr'><strong>quemadmodum</strong></span> <span class='ocrx_word' id='word_1_89' title='bbox 1440 918 1554 958; x_wconf 81' lang='lat' dir='ltr'><strong>etiam</strong></span> <span class='ocrx_word' id='word_1_90' title='bbox 1581 919 1620 958; x_wconf 89' lang='lat' dir='ltr'><strong>iu</strong></span> 
     </span>
     <span class='ocr_line' id='line_1_12' title="bbox 210 985 1622 1041; baseline 0 -16"><span class='ocrx_word' id='word_1_91' title='bbox 210 987 349 1026; x_wconf 85' lang='lat' dir='ltr'><strong>ceteris</strong></span> <span class='ocrx_word' id='word_1_92' title='bbox 389 986 507 1025; x_wconf 85' lang='lat' dir='ltr'><strong>rebus</strong></span> <span class='ocrx_word' id='word_1_93' title='bbox 542 987 595 1026; x_wconf 92' lang='lat' dir='ltr'><strong>ait</strong></span> <span class='ocrx_word' id='word_1_94' title='bbox 629 987 668 1027; x_wconf 91' lang='lat' dir='ltr'><strong>id</strong></span> <span class='ocrx_word' id='word_1_95' title='bbox 699 988 804 1041; x_wconf 92' lang='lat' dir='ltr'><strong>quod</strong></span> <span class='ocrx_word' id='word_1_96' title='bbox 839 986 1098 1039; x_wconf 88' lang='lat' dir='ltr'><strong>compositum</strong></span> <span class='ocrx_word' id='word_1_97' title='bbox 1134 986 1203 1034; x_wconf 90' lang='lat' dir='ltr'><strong>sit,</strong></span> <span class='ocrx_word' id='word_1_98' title='bbox 1242 985 1531 1026; x_wconf 87' lang='lat' dir='ltr'><strong>dissolvendum</strong></span> <span class='ocrx_word' id='word_1_99' title='bbox 1559 986 1622 1035; x_wconf 81' lang='lat' dir='ltr'><strong>sit,</strong></span> 
     </span>
     <span class='ocr_line' id='line_1_13' title="bbox 209 1053 1621 1107; baseline 0 -13"><span class='ocrx_word' id='word_1_100' title='bbox 209 1055 334 1094; x_wconf 89' lang='lat' dir='ltr'><strong>donec</strong></span> <span class='ocrx_word' id='word_1_101' title='bbox 362 1054 640 1106; x_wconf 83' lang='lat' dir='ltr'><strong>perveniamus</strong></span> <span class='ocrx_word' id='word_1_102' title='bbox 669 1056 719 1095; x_wconf 88' lang='lat' dir='ltr'><strong>ad</strong></span> <span class='ocrx_word' id='word_1_103' title='bbox 737 1054 1037 1107; x_wconf 89' lang='lat' dir='ltr'><strong>simplicissima,</strong></span> <span class='ocrx_word' id='word_1_104' title='bbox 1065 1054 1122 1093; x_wconf 88' lang='lat' dir='ltr'><strong>sic</strong></span> <span class='ocrx_word' id='word_1_105' title='bbox 1148 1053 1264 1093; x_wconf 85' lang='lat' dir='ltr'><strong>etiam</strong></span> <span class='ocrx_word' id='word_1_106' title='bbox 1285 1053 1483 1094; x_wconf 85' lang='lat' dir='ltr'><strong>civitatem</strong></span> <span class='ocrx_word' id='word_1_107' title='bbox 1511 1053 1621 1094; x_wconf 90' lang='lat' dir='ltr'><strong>redu-</strong></span> 
     </span>
     <span class='ocr_line' id='line_1_14' title="bbox 210 1120 1623 1174; baseline 0 -14"><span class='ocrx_word' id='word_1_108' title='bbox 210 1121 374 1161; x_wconf 89' lang='lat' dir='ltr'><strong>cendam</strong></span> <span class='ocrx_word' id='word_1_109' title='bbox 421 1135 506 1160; x_wconf 90' lang='lat' dir='ltr'><strong>esse</strong></span> <span class='ocrx_word' id='word_1_110' title='bbox 554 1121 604 1160; x_wconf 87' lang='lat' dir='ltr'><strong>ad</strong></span> <span class='ocrx_word' id='word_1_111' title='bbox 647 1123 802 1162; x_wconf 83' lang='lat' dir='ltr'><strong>ultimas</strong></span> <span class='ocrx_word' id='word_1_112' title='bbox 849 1121 1235 1174; x_wconf 89' lang='lat' dir='ltr'><strong>simplicissimasque</strong></span> <span class='ocrx_word' id='word_1_113' title='bbox 1287 1120 1429 1174; x_wconf 86' lang='lat' dir='ltr'><strong>quibus</strong></span> <span class='ocrx_word' id='word_1_114' title='bbox 1471 1127 1623 1161; x_wconf 85' lang='lat' dir='ltr'><strong>constet</strong></span> 
     </span>
     <span class='ocr_line' id='line_1_15' title="bbox 208 1187 1624 1242; baseline 0 -15"><span class='ocrx_word' id='word_1_115' title='bbox 208 1189 415 1228; x_wconf 77' lang='lat' dir='ltr'><strong>societates</strong></span> <span class='ocrx_word' id='word_1_116' title='bbox 432 1188 472 1240; x_wconf 88' lang='lat'><strong>¹).</strong></span> <span class='ocrx_word' id='word_1_117' title='bbox 530 1189 644 1236; x_wconf 86' lang='lat' dir='ltr'><strong>Quod</strong></span> <span class='ocrx_word' id='word_1_118' title='bbox 674 1196 881 1242; x_wconf 84' lang='lat' dir='ltr'><strong>postquam</strong></span> <span class='ocrx_word' id='word_1_119' title='bbox 911 1189 1025 1238; x_wconf 86' lang='lat' dir='ltr'><strong>dixit,</strong></span> <span class='ocrx_word' id='word_1_120' title='bbox 1055 1187 1251 1241; x_wconf 91' lang='lat' dir='ltr'><strong>quomodo</strong></span> <span class='ocrx_word' id='word_1_121' title='bbox 1279 1188 1454 1228; x_wconf 85' lang='lat' dir='ltr'><strong>homines</strong></span> <span class='ocrx_word' id='word_1_122' title='bbox 1483 1188 1533 1228; x_wconf 85' lang='lat' dir='ltr'><strong>ad</strong></span> <span class='ocrx_word' id='word_1_123' title='bbox 1562 1203 1624 1228; x_wconf 92' lang='lat' dir='ltr'><strong>co-</strong></span> 
     </span>
     <span class='ocr_line' id='line_1_16' title="bbox 207 1255 1624 1309; baseline 0.001 -14"><span class='ocrx_word' id='word_1_124' title='bbox 207 1256 369 1296; x_wconf 89' lang='lat' dir='ltr'><strong>nubium</strong></span> <span class='ocrx_word' id='word_1_125' title='bbox 397 1263 436 1295; x_wconf 86' lang='lat' dir='ltr'><strong>et</strong></span> <span class='ocrx_word' id='word_1_126' title='bbox 465 1256 602 1295; x_wconf 91' lang='lat' dir='ltr'><strong>domus</strong></span> <span class='ocrx_word' id='word_1_127' title='bbox 631 1257 857 1296; x_wconf 89' lang='lat' dir='ltr'><strong>societatem</strong></span> <span class='ocrx_word' id='word_1_128' title='bbox 876 1255 1087 1296; x_wconf 86' lang='lat' dir='ltr'><strong>ineundam</strong></span> <span class='ocrx_word' id='word_1_129' title='bbox 1106 1262 1248 1294; x_wconf 88' lang='lat' dir='ltr'><strong>natura</strong></span> <span class='ocrx_word' id='word_1_130' title='bbox 1262 1255 1624 1309; x_wconf 32' lang='lat' dir='ltr'><strong>ipsa‘adducantur</strong></span> 
     </span>
     <span class='ocr_line' id='line_1_17' title="bbox 206 1323 1622 1377; baseline 0 -14"><span class='ocrx_word' id='word_1_131' title='bbox 206 1323 376 1377; x_wconf 88' lang='lat' dir='ltr'><strong>indeque</strong></span> <span class='ocrx_word' id='word_1_132' title='bbox 405 1323 551 1363; x_wconf 81' lang='lat' dir='ltr'><strong>oriatur</strong></span> <span class='ocrx_word' id='word_1_133' title='bbox 579 1324 715 1363; x_wconf 86' lang='lat' dir='ltr'><strong>civitas</strong></span> <span class='ocrx_word' id='word_1_134' title='bbox 744 1323 998 1363; x_wconf 86' lang='lat' dir='ltr'><strong>demonstrat.</strong></span> <span class='ocrx_word' id='word_1_135' title='bbox 1054 1323 1165 1362; x_wconf 89' lang='lat' dir='ltr'><strong>Haec</strong></span> <span class='ocrx_word' id='word_1_136' title='bbox 1203 1327 1262 1361; x_wconf 84' lang='lat' dir='ltr'><strong>est</strong></span> <span class='ocrx_word' id='word_1_137' title='bbox 1295 1323 1433 1362; x_wconf 88' lang='lat' dir='ltr'><strong>mentis</strong></span> <span class='ocrx_word' id='word_1_138' title='bbox 1470 1329 1622 1372; x_wconf 81' lang='lat' dir='ltr'><strong>natura,</strong></span> 
     </span>
     <span class='ocr_line' id='line_1_18' title="bbox 207 1390 1624 1444; baseline 0 -13"><span class='ocrx_word' id='word_1_139' title='bbox 207 1397 251 1431; x_wconf 89' lang='lat' dir='ltr'><strong>ut</strong></span> <span class='ocrx_word' id='word_1_140' title='bbox 276 1405 339 1430; x_wconf 89' lang='lat' dir='ltr'><strong>res</strong></span> <span class='ocrx_word' id='word_1_141' title='bbox 367 1405 464 1444; x_wconf 88' lang='lat' dir='ltr'><strong>quas</strong></span> <span class='ocrx_word' id='word_1_142' title='bbox 492 1390 659 1444; x_wconf 87' lang='lat' dir='ltr'><strong>percipit</strong></span> <span class='ocrx_word' id='word_1_143' title='bbox 677 1390 891 1430; x_wconf 87' lang='lat' dir='ltr'><strong>dissolvere</strong></span> <span class='ocrx_word' id='word_1_144' title='bbox 918 1391 1043 1443; x_wconf 85' lang='lat' dir='ltr'><strong>possit</strong></span> <span class='ocrx_word' id='word_1_145' title='bbox 1062 1397 1181 1444; x_wconf 87' lang='lat' dir='ltr'><strong>atque</strong></span> <span class='ocrx_word' id='word_1_146' title='bbox 1206 1390 1255 1429; x_wconf 83' lang='lat' dir='ltr'><strong>ad</strong></span> <span class='ocrx_word' id='word_1_147' title='bbox 1275 1390 1411 1430; x_wconf 87' lang='lat' dir='ltr'><strong>ultima</strong></span> <span class='ocrx_word' id='word_1_148' title='bbox 1430 1391 1624 1431; x_wconf 79' lang='lat' dir='ltr'><strong>elementa</strong></span> 
     </span>
     <span class='ocr_line' id='line_1_19' title="bbox 208 1458 1625 1511; baseline -0.001 -14"><span class='ocrx_word' id='word_1_149' title='bbox 208 1466 249 1497; x_wconf 89' lang='lat' dir='ltr'><strong>et</strong></span> <span class='ocrx_word' id='word_1_150' title='bbox 275 1459 422 1511; x_wconf 84' lang='lat' dir='ltr'><strong>primas</strong></span> <span class='ocrx_word' id='word_1_151' title='bbox 451 1472 588 1497; x_wconf 84' lang='lat' dir='ltr'><strong>causas</strong></span> <span class='ocrx_word' id='word_1_152' title='bbox 622 1471 832 1506; x_wconf 87' lang='lat' dir='ltr'><strong>revocare,</strong></span> <span class='ocrx_word' id='word_1_153' title='bbox 868 1471 945 1510; x_wconf 89' lang='lat' dir='ltr'><strong>quo</strong></span> <span class='ocrx_word' id='word_1_154' title='bbox 983 1458 1088 1496; x_wconf 86' lang='lat' dir='ltr'><strong>facto</strong></span> <span class='ocrx_word' id='word_1_155' title='bbox 1127 1458 1213 1509; x_wconf 89' lang='lat' dir='ltr'><strong>ipsa</strong></span> <span class='ocrx_word' id='word_1_156' title='bbox 1250 1471 1316 1496; x_wconf 83' lang='lat' dir='ltr'><strong>eas</strong></span> <span class='ocrx_word' id='word_1_157' title='bbox 1351 1458 1552 1497; x_wconf 91' lang='lat' dir='ltr'><strong>constituit</strong></span> <span class='ocrx_word' id='word_1_158' title='bbox 1585 1464 1625 1496; x_wconf 87' lang='lat' dir='ltr'><strong>et</strong></span> 
     </span>
     <span class='ocr_line' id='line_1_20' title="bbox 207 1524 1624 1579; baseline -0.001 -14"><span class='ocrx_word' id='word_1_159' title='bbox 207 1525 318 1579; x_wconf 85' lang='lat' dir='ltr'><strong>quasi</strong></span> <span class='ocrx_word' id='word_1_160' title='bbox 353 1531 565 1578; x_wconf 68' lang='lat' dir='ltr'><strong>procreat,</strong></span> <span class='ocrx_word' id='word_1_161' title='bbox 590 1524 645 1563; x_wconf 89' lang='lat' dir='ltr'><strong>ita</strong></span> <span class='ocrx_word' id='word_1_162' title='bbox 681 1530 725 1563; x_wconf 90' lang='lat' dir='ltr'><strong>ut</strong></span> <span class='ocrx_word' id='word_1_163' title='bbox 759 1524 838 1563; x_wconf 88' lang='lat' dir='ltr'><strong>iam</strong></span> <span class='ocrx_word' id='word_1_164' title='bbox 875 1538 969 1563; x_wconf 84' lang='lat' dir='ltr'><strong>vera</strong></span> <span class='ocrx_word' id='word_1_165' title='bbox 1005 1537 1052 1562; x_wconf 85' lang='lat' dir='ltr'><strong>ac</strong></span> <span class='ocrx_word' id='word_1_166' title='bbox 1089 1524 1276 1577; x_wconf 87' lang='lat' dir='ltr'><strong>primaria</strong></span> <span class='ocrx_word' id='word_1_167' title='bbox 1313 1537 1446 1564; x_wconf 86' lang='lat' dir='ltr'><strong>earum</strong></span> <span class='ocrx_word' id='word_1_168' title='bbox 1481 1531 1624 1565; x_wconf 74' lang='lat' dir='ltr'><strong>natura</strong></span> 
     </span>
     <span class='ocr_line' id='line_1_21' title="bbox 210 1591 1625 1646; baseline 0 -15"><span class='ocrx_word' id='word_1_169' title='bbox 210 1599 410 1646; x_wconf 87' lang='lat' dir='ltr'><strong>appareat.</strong></span> <span class='ocrx_word' id='word_1_170' title='bbox 465 1591 529 1630; x_wconf 90' lang='lat' dir='ltr'><strong>Sic</strong></span> <span class='ocrx_word' id='word_1_171' title='bbox 556 1592 673 1630; x_wconf 87' lang='lat' dir='ltr'><strong>etiam</strong></span> <span class='ocrx_word' id='word_1_172' title='bbox 702 1591 741 1628; x_wconf 90' lang='lat' dir='ltr'><strong>in</strong></span> <span class='ocrx_word' id='word_1_173' title='bbox 770 1591 888 1629; x_wconf 89' lang='lat' dir='ltr'><strong>rebus</strong></span> <span class='ocrx_word' id='word_1_174' title='bbox 917 1604 1019 1642; x_wconf 90' lang='lat' dir='ltr'><strong>quae</strong></span> <span class='ocrx_word' id='word_1_175' title='bbox 1046 1591 1226 1629; x_wconf 87' lang='lat' dir='ltr'><strong>sensibus</strong></span> <span class='ocrx_word' id='word_1_176' title='bbox 1254 1591 1377 1643; x_wconf 89' lang='lat' dir='ltr'><strong>primo</strong></span> <span class='ocrx_word' id='word_1_177' title='bbox 1407 1591 1625 1643; x_wconf 87' lang='lat' dir='ltr'><strong>percipiun-</strong></span> 
     </span>
     <span class='ocr_line' id='line_1_22' title="bbox 208 1656 1623 1712; baseline -0.001 -12"><span class='ocrx_word' id='word_1_178' title='bbox 208 1666 283 1710; x_wconf 85' lang='lat' dir='ltr'><strong>tur,</strong></span> <span class='ocrx_word' id='word_1_179' title='bbox 311 1672 421 1699; x_wconf 87' lang='lat' dir='ltr'><strong>mens</strong></span> <span class='ocrx_word' id='word_1_180' title='bbox 451 1657 680 1711; x_wconf 87' lang='lat' dir='ltr'><strong>dignitatem</strong></span> <span class='ocrx_word' id='word_1_181' title='bbox 710 1671 756 1697; x_wconf 90' lang='lat' dir='ltr'><strong>ac</strong></span> <span class='ocrx_word' id='word_1_182' title='bbox 784 1657 863 1697; x_wconf 91' lang='lat' dir='ltr'><strong>vim</strong></span> <span class='ocrx_word' id='word_1_183' title='bbox 894 1671 1003 1698; x_wconf 83' lang='lat' dir='ltr'><strong>suam</strong></span> <span class='ocrx_word' id='word_1_184' title='bbox 1032 1658 1195 1708; x_wconf 88' lang='lat' dir='ltr'><strong>retinet,</strong></span> <span class='ocrx_word' id='word_1_185' title='bbox 1234 1656 1290 1696; x_wconf 81' lang='lat' dir='ltr'><strong>ita</strong></span> <span class='ocrx_word' id='word_1_186' title='bbox 1319 1664 1360 1698; x_wconf 89' lang='lat' dir='ltr'><strong>ut</strong></span> <span class='ocrx_word' id='word_1_187' title='bbox 1386 1657 1426 1697; x_wconf 92' lang='lat' dir='ltr'><strong>in</strong></span> <span class='ocrx_word' id='word_1_188' title='bbox 1454 1657 1501 1697; x_wconf 91' lang='lat' dir='ltr'><strong>iis</strong></span> <span class='ocrx_word' id='word_1_189' title='bbox 1529 1673 1623 1712; x_wconf 92' lang='lat' dir='ltr'><strong>quo-</strong></span> 
     </span>
     <span class='ocr_line' id='line_1_23' title="bbox 207 1724 1404 1780; baseline -0.003 -14"><span class='ocrx_word' id='word_1_190' title='bbox 207 1740 284 1780; x_wconf 93' lang='lat' dir='ltr'><strong>que</strong></span> <span class='ocrx_word' id='word_1_191' title='bbox 314 1726 498 1778; x_wconf 88' lang='lat' dir='ltr'><strong>cogitatio</strong></span> <span class='ocrx_word' id='word_1_192' title='bbox 527 1732 703 1764; x_wconf 88' lang='lat' dir='ltr'><strong>extremo</strong></span> <span class='ocrx_word' id='word_1_193' title='bbox 732 1725 896 1763; x_wconf 86' lang='lat' dir='ltr'><strong>exsistat</strong></span> <span class='ocrx_word' id='word_1_194' title='bbox 924 1724 1174 1777; x_wconf 87' lang='lat' dir='ltr'><strong>cogitationis</strong></span> <span class='ocrx_word' id='word_1_195' title='bbox 1204 1726 1404 1776; x_wconf 86' lang='lat' dir='ltr'><strong>cogitatio.</strong></span> 
     </span>
    </p>

    <p class='ocr_par' dir='ltr' id='par_1_4' title="bbox 206 1790 1640 2317">
     <span class='ocr_line' id='line_1_24' title="bbox 312 1790 1640 1846; baseline 0 -13"><span class='ocrx_word' id='word_1_196' title='bbox 312 1793 465 1842; x_wconf 83' lang='lat' dir='ltr'><strong>Quibus</strong></span> <span class='ocrx_word' id='word_1_197' title='bbox 507 1792 695 1846; x_wconf 88' lang='lat' dir='ltr'><strong>expositis</strong></span> <span class='ocrx_word' id='word_1_198' title='bbox 736 1798 890 1831; x_wconf 87' lang='lat' dir='ltr'><strong>constat</strong></span> <span class='ocrx_word' id='word_1_199' title='bbox 930 1792 1124 1832; x_wconf 83' lang='lat' dir='ltr'><strong>humanae</strong></span> <span class='ocrx_word' id='word_1_200' title='bbox 1158 1791 1301 1832; x_wconf 87' lang='lat' dir='ltr'><strong>mentis</strong></span> <span class='ocrx_word' id='word_1_201' title='bbox 1344 1790 1640 1846; x_wconf 49' lang='lat' dir='ltr'><strong>cogitationem*</strong></span> 
     </span>
     <span class='ocr_line' id='line_1_25' title="bbox 207 1859 1622 1912; baseline -0.001 -11"><span class='ocrx_word' id='word_1_202' title='bbox 207 1863 350 1901; x_wconf 87' lang='lat' dir='ltr'><strong>suimet</strong></span> <span class='ocrx_word' id='word_1_203' title='bbox 375 1860 496 1912; x_wconf 83' lang='lat' dir='ltr'><strong>ipsius</strong></span> <span class='ocrx_word' id='word_1_204' title='bbox 526 1859 717 1898; x_wconf 86' lang='lat' dir='ltr'><strong>contineri</strong></span> <span class='ocrx_word' id='word_1_205' title='bbox 747 1873 813 1908; x_wconf 87' lang='lat' dir='ltr'><strong>e0‚</strong></span> <span class='ocrx_word' id='word_1_206' title='bbox 852 1866 895 1898; x_wconf 91' lang='lat' dir='ltr'><strong>ut</strong></span> <span class='ocrx_word' id='word_1_207' title='bbox 930 1873 1040 1898; x_wconf 92' lang='lat' dir='ltr'><strong>mens</strong></span> <span class='ocrx_word' id='word_1_208' title='bbox 1078 1860 1233 1898; x_wconf 89' lang='lat' dir='ltr'><strong>obiecta</strong></span> <span class='ocrx_word' id='word_1_209' title='bbox 1269 1859 1515 1911; x_wconf 87' lang='lat' dir='ltr'><strong>cogitationis</strong></span> <span class='ocrx_word' id='word_1_210' title='bbox 1542 1874 1622 1900; x_wconf 89' lang='lat' dir='ltr'><strong>non</strong></span> 
     </span>
     <span class='ocr_line' id='line_1_26' title="bbox 208 1925 1620 1980; baseline -0.002 -11"><span class='ocrx_word' id='word_1_211' title='bbox 208 1928 365 1969; x_wconf 86' lang='lat' dir='ltr'><strong>aliunde</strong></span> <span class='ocrx_word' id='word_1_212' title='bbox 406 1932 514 1979; x_wconf 86' lang='lat' dir='ltr'><strong>petat</strong></span> <span class='ocrx_word' id='word_1_213' title='bbox 554 1925 622 1965; x_wconf 88' lang='lat' dir='ltr'><strong>sed</strong></span> <span class='ocrx_word' id='word_1_214' title='bbox 664 1939 714 1965; x_wconf 84' lang='lat' dir='ltr'><strong>ex</strong></span> <span class='ocrx_word' id='word_1_215' title='bbox 755 1931 879 1964; x_wconf 87' lang='lat' dir='ltr'><strong>semet</strong></span> <span class='ocrx_word' id='word_1_216' title='bbox 926 1926 1011 1979; x_wconf 89' lang='lat' dir='ltr'><strong>ipsa</strong></span> <span class='ocrx_word' id='word_1_217' title='bbox 1053 1926 1165 1979; x_wconf 90' lang='lat' dir='ltr'><strong>quasi</strong></span> <span class='ocrx_word' id='word_1_218' title='bbox 1206 1925 1424 1979; x_wconf 86' lang='lat' dir='ltr'><strong>depromat.</strong></span> <span class='ocrx_word' id='word_1_219' title='bbox 1477 1926 1620 1980; x_wconf 88' lang='lat' dir='ltr'><strong>Neque</strong></span> 
     </span>
     <span class='ocr_line' id='line_1_27' title="bbox 208 1992 1620 2047; baseline 0 -13"><span class='ocrx_word' id='word_1_220' title='bbox 208 1996 323 2037; x_wconf 81' lang='lat' dir='ltr'><strong>aliam</strong></span> <span class='ocrx_word' id='word_1_221' title='bbox 353 1993 679 2047; x_wconf 82' lang='lat' dir='ltr'><strong>significationem</strong></span> <span class='ocrx_word' id='word_1_222' title='bbox 708 1992 853 2031; x_wconf 81' lang='lat' dir='ltr'><strong>habere</strong></span> <span class='ocrx_word' id='word_1_223' title='bbox 882 1998 1012 2045; x_wconf 89' lang='lat' dir='ltr'><strong>potest</strong></span> <span class='ocrx_word' id='word_1_224' title='bbox 1038 1992 1153 2031; x_wconf 90' lang='lat' dir='ltr'><strong>illud:</strong></span> <span class='ocrx_word' id='word_1_225' title='bbox 1180 1992 1422 2033; x_wconf 87' lang='lat' dir='ltr'><strong>intellectum</strong></span> <span class='ocrx_word' id='word_1_226' title='bbox 1445 1993 1620 2034; x_wconf 90' lang='lat' dir='ltr'><strong>divinum</strong></span> 
     </span>
     <span class='ocr_line' id='line_1_28' title="bbox 208 2060 1621 2116; baseline -0.001 -14"><span class='ocrx_word' id='word_1_227' title='bbox 208 2063 384 2116; x_wconf 83' lang='lat' dir='ltr'><strong>cogitare</strong></span> <span class='ocrx_word' id='word_1_228' title='bbox 413 2067 536 2100; x_wconf 88' lang='lat' dir='ltr'><strong>semet</strong></span> <span class='ocrx_word' id='word_1_229' title='bbox 563 2061 688 2114; x_wconf 91' lang='lat' dir='ltr'><strong>ipsum</strong></span> <span class='ocrx_word' id='word_1_230' title='bbox 718 2067 757 2099; x_wconf 88' lang='lat' dir='ltr'><strong>et</strong></span> <span class='ocrx_word' id='word_1_231' title='bbox 784 2060 1062 2113; x_wconf 84' lang='lat' dir='ltr'><strong>cogitationem</strong></span> <span class='ocrx_word' id='word_1_232' title='bbox 1091 2074 1177 2098; x_wconf 86' lang='lat' dir='ltr'><strong>esse</strong></span> <span class='ocrx_word' id='word_1_233' title='bbox 1206 2060 1453 2112; x_wconf 87' lang='lat' dir='ltr'><strong>cogitationis</strong></span> <span class='ocrx_word' id='word_1_234' title='bbox 1478 2061 1621 2113; x_wconf 84' lang='lat' dir='ltr'><strong>cogita-</strong></span> 
     </span>
     <span class='ocr_line' id='line_1_29' title="bbox 206 2127 1620 2181; baseline -0.002 -10"><span class='ocrx_word' id='word_1_235' title='bbox 206 2131 365 2171; x_wconf 87' lang='lat' dir='ltr'><strong>tionem.</strong></span> <span class='ocrx_word' id='word_1_236' title='bbox 421 2130 475 2169; x_wconf 90' lang='lat' dir='ltr'><strong>Et</strong></span> <span class='ocrx_word' id='word_1_237' title='bbox 511 2128 603 2181; x_wconf 93' lang='lat' dir='ltr'><strong>quid</strong></span> <span class='ocrx_word' id='word_1_238' title='bbox 638 2128 762 2181; x_wconf 86' lang='lat' dir='ltr'><strong>magis</strong></span> <span class='ocrx_word' id='word_1_239' title='bbox 799 2128 1012 2168; x_wconf 87' lang='lat' dir='ltr'><strong>convenire</strong></span> <span class='ocrx_word' id='word_1_240' title='bbox 1049 2134 1179 2180; x_wconf 84' lang='lat' dir='ltr'><strong>potest</strong></span> <span class='ocrx_word' id='word_1_241' title='bbox 1216 2129 1256 2167; x_wconf 90' lang='lat' dir='ltr'><strong>in</strong></span> <span class='ocrx_word' id='word_1_242' title='bbox 1294 2127 1462 2167; x_wconf 91' lang='lat' dir='ltr'><strong>numinis</strong></span> <span class='ocrx_word' id='word_1_243' title='bbox 1498 2128 1620 2168; x_wconf 91' lang='lat' dir='ltr'><strong>divini</strong></span> 
     </span>
     <span class='ocr_line' id='line_1_30' title="bbox 207 2194 1620 2251; baseline -0.001 -13"><span class='ocrx_word' id='word_1_244' title='bbox 207 2198 437 2251; x_wconf 87' lang='lat' dir='ltr'><strong>dignitatem</strong></span> <span class='ocrx_word' id='word_1_245' title='bbox 465 2210 510 2235; x_wconf 88' lang='lat' dir='ltr'><strong>ac</strong></span> <span class='ocrx_word' id='word_1_246' title='bbox 538 2196 830 2249; x_wconf 84' lang='lat' dir='ltr'><strong>praestantiam,</strong></span> <span class='ocrx_word' id='word_1_247' title='bbox 861 2210 978 2249; x_wconf 89' lang='lat' dir='ltr'><strong>quam</strong></span> <span class='ocrx_word' id='word_1_248' title='bbox 1007 2209 1086 2234; x_wconf 91' lang='lat' dir='ltr'><strong>non</strong></span> <span class='ocrx_word' id='word_1_249' title='bbox 1115 2194 1271 2234; x_wconf 89' lang='lat' dir='ltr'><strong>aliunde</strong></span> <span class='ocrx_word' id='word_1_250' title='bbox 1300 2195 1335 2234; x_wconf 91' lang='lat' dir='ltr'><strong>ei</strong></span> <span class='ocrx_word' id='word_1_251' title='bbox 1365 2195 1620 2236; x_wconf 82' lang='lat' dir='ltr'><strong>adsciscenda</strong></span> 
     </span>
     <span class='ocr_line' id='line_1_31' title="bbox 207 2262 1621 2317; baseline -0.001 -12"><span class='ocrx_word' id='word_1_252' title='bbox 207 2279 292 2305; x_wconf 88' lang='lat' dir='ltr'><strong>esse</strong></span> <span class='ocrx_word' id='word_1_253' title='bbox 320 2279 368 2304; x_wconf 86' lang='lat' dir='ltr'><strong>ea</strong></span> <span class='ocrx_word' id='word_1_254' title='bbox 396 2279 496 2317; x_wconf 90' lang='lat' dir='ltr'><strong>quae</strong></span> <span class='ocrx_word' id='word_1_255' title='bbox 525 2263 690 2315; x_wconf 88' lang='lat' dir='ltr'><strong>cogitet,</strong></span> <span class='ocrx_word' id='word_1_256' title='bbox 727 2264 795 2302; x_wconf 91' lang='lat' dir='ltr'><strong>sed</strong></span> <span class='ocrx_word' id='word_1_257' title='bbox 832 2263 961 2303; x_wconf 89' lang='lat' dir='ltr'><strong>omnia</strong></span> <span class='ocrx_word' id='word_1_258' title='bbox 987 2262 1132 2302; x_wconf 86' lang='lat' dir='ltr'><strong>habere</strong></span> <span class='ocrx_word' id='word_1_259' title='bbox 1161 2263 1200 2302; x_wconf 92' lang='lat' dir='ltr'><strong>in</strong></span> <span class='ocrx_word' id='word_1_260' title='bbox 1229 2268 1354 2302; x_wconf 88' lang='lat' dir='ltr'><strong>semet</strong></span> <span class='ocrx_word' id='word_1_261' title='bbox 1380 2264 1495 2315; x_wconf 75' lang='lat' dir='ltr'><strong>ipso?</strong></span> <span class='ocrx_word' id='word_1_262' title='bbox 1549 2264 1621 2304; x_wconf 91' lang='lat' dir='ltr'><strong>Co-</strong></span> 
     </span>
    </p>
   </div>
   <div class='ocr_carea' id='block_1_3' title="bbox 211 2363 373 2368">
    <p class='ocr_par' dir='ltr' id='par_1_5' title="bbox 211 2363 373 2368">
     <span class='ocr_line' id='line_1_32' title="bbox 211 2363 373 2368; baseline 0 0"><span class='ocrx_word' id='word_1_263' title='bbox 211 2363 373 2368; x_wconf 95' lang='lat' dir='ltr'><strong> </strong></span> 
     </span>
    </p>
   </div>
   <div class='ocr_carea' id='block_1_4' title="bbox 205 2406 1621 2721">
    <p class='ocr_par' dir='ltr' id='par_1_6' title="bbox 205 2406 1621 2721">
     <span class='ocr_line' id='line_1_33' title="bbox 300 2406 1621 2452; baseline -0.002 -11"><span class='ocrx_word' id='word_1_264' title='bbox 300 2411 322 2452; x_wconf 91' lang='grc'><strong>“·)</strong></span> <span class='ocrx_word' id='word_1_265' title='bbox 347 2411 441 2442; x_wconf 87' lang='lat' dir='ltr'><strong>Polit.</strong></span> <span class='ocrx_word' id='word_1_266' title='bbox 465 2411 491 2449; x_wconf 81' lang='grc' dir='ltr'><strong>Ι,</strong></span> <span class='ocrx_word' id='word_1_267' title='bbox 519 2413 546 2440; x_wconf 91' lang='lat'><strong>1.</strong></span> <span class='ocrx_word' id='word_1_268' title='bbox 574 2411 653 2440; x_wconf 83' lang='lat'><strong>1252</strong></span> <span class='ocrx_word' id='word_1_269' title='bbox 678 2419 696 2438; x_wconf 84' lang='lat' dir='ltr'><strong>a</strong></span> <span class='ocrx_word' id='word_1_270' title='bbox 720 2412 773 2438; x_wconf 82' lang='lat'><strong>17:</strong></span> <span class='ocrx_word' id='word_1_271' title='bbox 808 2408 911 2447; x_wconf 81' lang='grc' dir='ltr'>δῆλον</span> <span class='ocrx_word' id='word_1_272' title='bbox 935 2407 967 2438; x_wconf 85' lang='lat'><strong>‹5‘</strong></span> <span class='ocrx_word' id='word_1_273' title='bbox 999 2408 1091 2439; x_wconf 80' lang='grc' dir='ltr'>ἔσται</span> <span class='ocrx_word' id='word_1_274' title='bbox 1119 2406 1155 2438; x_wconf 78' lang='grc' dir='ltr'><strong>τὸ</strong></span> <span class='ocrx_word' id='word_1_275' title='bbox 1185 2406 1368 2449; x_wconf 82' lang='grc' dir='ltr'>λεγόμενον</span> <span class='ocrx_word' id='word_1_276' title='bbox 1397 2408 1621 2439; x_wconf 77' lang='grc' dir='ltr'>ἐπισκοποῦσι</span> 
     </span>
     <span class='ocr_line' id='line_1_34' title="bbox 206 2457 1620 2505; baseline -0.003 -8"><span class='ocrx_word' id='word_1_277' title='bbox 206 2463 290 2497; x_wconf 76' lang='grc' dir='ltr'><strong><em>κατὰ</em></strong></span> <span class='ocrx_word' id='word_1_278' title='bbox 321 2462 379 2504; x_wconf 77' lang='grc' dir='ltr'><strong>τὴν</strong></span> <span class='ocrx_word' id='word_1_279' title='bbox 409 2462 629 2505; x_wconf 81' lang='grc' dir='ltr'>ὑφηγημένην</span> <span class='ocrx_word' id='word_1_280' title='bbox 660 2461 832 2503; x_wconf 71' lang='grc' dir='ltr'>μέθοδον.</span> <span class='ocrx_word' id='word_1_281' title='bbox 862 2460 974 2503; x_wconf 74' lang='grc' dir='ltr'>ὥσπερ</span> <span class='ocrx_word' id='word_1_282' title='bbox 1001 2460 1067 2503; x_wconf 79' lang='grc' dir='ltr'><strong>γὰρ</strong></span> <span class='ocrx_word' id='word_1_283' title='bbox 1097 2460 1134 2493; x_wconf 73' lang='grc' dir='ltr'><strong>ἐν</strong></span> <span class='ocrx_word' id='word_1_284' title='bbox 1162 2463 1230 2496; x_wconf 79' lang='grc' dir='ltr'>τοῖς</span> <span class='ocrx_word' id='word_1_285' title='bbox 1261 2457 1373 2497; x_wconf 72' lang='grc' dir='ltr'>ἄλλοις</span> <span class='ocrx_word' id='word_1_286' title='bbox 1394 2460 1430 2494; x_wconf 74' lang='grc' dir='ltr'><strong>τὸ</strong></span> <span class='ocrx_word' id='word_1_287' title='bbox 1456 2459 1620 2494; x_wconf 80' lang='grc' dir='ltr'>σύνθετον</span> 
     </span>
     <span class='ocr_line' id='line_1_35' title="bbox 205 2512 1621 2561; baseline -0.005 -10"><span class='ocrx_word' id='word_1_288' title='bbox 205 2520 306 2561; x_wconf 77' lang='grc' dir='ltr'>μέχρι</span> <span class='ocrx_word' id='word_1_289' title='bbox 332 2518 399 2550; x_wconf 79' lang='grc' dir='ltr'><strong>τῶν</strong></span> <span class='ocrx_word' id='word_1_290' title='bbox 429 2516 625 2549; x_wconf 78' lang='grc' dir='ltr'><strong><em>ἀσυνθέτων</em></strong></span> <span class='ocrx_word' id='word_1_291' title='bbox 656 2513 786 2556; x_wconf 79' lang='grc' dir='ltr'>ἀνάγκη</span> <span class='ocrx_word' id='word_1_292' title='bbox 821 2515 963 2556; x_wconf 73' lang='grc' dir='ltr'>διαιρεῖν</span> <span class='ocrx_word' id='word_1_293' title='bbox 993 2515 1112 2556; x_wconf 76' lang='grc' dir='ltr'><strong>(ταῦτα</strong></span> <span class='ocrx_word' id='word_1_294' title='bbox 1145 2512 1211 2555; x_wconf 81' lang='grc' dir='ltr'><strong>γὰρ</strong></span> <span class='ocrx_word' id='word_1_295' title='bbox 1242 2512 1398 2555; x_wconf 76' lang='grc' dir='ltr'><strong>ἐλάχιστα</strong></span> <span class='ocrx_word' id='word_1_296' title='bbox 1429 2514 1534 2557; x_wconf 80' lang='grc' dir='ltr'>μόρια</span> <span class='ocrx_word' id='word_1_297' title='bbox 1561 2515 1621 2545; x_wconf 78' lang='grc' dir='ltr'><strong>τοῦ</strong></span> 
     </span>
     <span class='ocr_line' id='line_1_36' title="bbox 207 2562 1620 2613; baseline -0.004 -9"><span class='ocrx_word' id='word_1_298' title='bbox 207 2570 360 2613; x_wconf 77' lang='grc' dir='ltr'>παντός),</span> <span class='ocrx_word' id='word_1_299' title='bbox 389 2570 475 2603; x_wconf 83' lang='grc' dir='ltr'>οὗιω</span> <span class='ocrx_word' id='word_1_300' title='bbox 503 2572 560 2602; x_wconf 83' lang='grc' dir='ltr'><strong>καὶ</strong></span> <span class='ocrx_word' id='word_1_301' title='bbox 587 2568 689 2602; x_wconf 79' lang='grc' dir='ltr'>πόλιν</span> <span class='ocrx_word' id='word_1_302' title='bbox 717 2570 752 2605; x_wconf 71' lang='grc' dir='ltr'><strong>ἐξ</strong></span> <span class='ocrx_word' id='word_1_303' title='bbox 780 2562 826 2602; x_wconf 81' lang='grc' dir='ltr'><strong>ὧν</strong></span> <span class='ocrx_word' id='word_1_304' title='bbox 855 2567 1024 2611; x_wconf 79' lang='grc' dir='ltr'>σύγκειται</span> <span class='ocrx_word' id='word_1_305' title='bbox 1053 2568 1257 2604; x_wconf 73' lang='grc' dir='ltr'>σκοποῦντες</span> <span class='ocrx_word' id='word_1_306' title='bbox 1279 2566 1440 2612; x_wconf 71' lang='grc' dir='ltr'>ὀψόμεθα</span> <span class='ocrx_word' id='word_1_307' title='bbox 1463 2570 1522 2600; x_wconf 68' lang='grc' dir='ltr'><strong>καὶ</strong></span> <span class='ocrx_word' id='word_1_308' title='bbox 1542 2568 1620 2608; x_wconf 79' lang='grc' dir='ltr'><strong>περὶ</strong></span> 
     </span>
     <span class='ocr_line' id='line_1_37' title="bbox 207 2620 1619 2668; baseline -0.003 -12"><span class='ocrx_word' id='word_1_309' title='bbox 207 2623 332 2658; x_wconf 75' lang='grc' dir='ltr'>τούτων</span> <span class='ocrx_word' id='word_1_310' title='bbox 359 2626 503 2668; x_wconf 78' lang='grc' dir='ltr'><strong>μᾶλλον,</strong></span> <span class='ocrx_word' id='word_1_311' title='bbox 533 2627 566 2656; x_wconf 77' lang='grc' dir='ltr'><strong>τί</strong></span> <span class='ocrx_word' id='word_1_312' title='bbox 585 2635 620 2656; x_wconf 78' lang='grc' dir='ltr'><strong>τε</strong></span> <span class='ocrx_word' id='word_1_313' title='bbox 643 2623 868 2665; x_wconf 82' lang='grc' dir='ltr'>διαφέρουσιν</span> <span class='ocrx_word' id='word_1_314' title='bbox 897 2620 1062 2663; x_wconf 79' lang='grc' dir='ltr'><strong>ἀλλήλων,</strong></span> <span class='ocrx_word' id='word_1_315' title='bbox 1090 2622 1148 2652; x_wconf 82' lang='grc' dir='ltr'><strong>καὶ</strong></span> <span class='ocrx_word' id='word_1_316' title='bbox 1170 2622 1202 2652; x_wconf 74' lang='grc' dir='ltr'><strong>εἴ</strong></span> <span class='ocrx_word' id='word_1_317' title='bbox 1220 2633 1251 2653; x_wconf 83' lang='grc' dir='ltr'><strong>τι</strong></span> <span class='ocrx_word' id='word_1_318' title='bbox 1273 2622 1426 2663; x_wconf 78' lang='grc' dir='ltr'>τεχνικὸν</span> <span class='ocrx_word' id='word_1_319' title='bbox 1449 2621 1619 2663; x_wconf 74' lang='grc' dir='ltr'>ἐνδέχεται</span> 
     </span>
     <span class='ocr_line' id='line_1_38' title="bbox 209 2677 879 2721; baseline 0 -12"><span class='ocrx_word' id='word_1_320' title='bbox 209 2678 323 2718; x_wconf 75' lang='grc' dir='ltr'>λαβεῖν</span> <span class='ocrx_word' id='word_1_321' title='bbox 345 2679 422 2720; x_wconf 83' lang='grc' dir='ltr'><strong>περὶ</strong></span> <span class='ocrx_word' id='word_1_322' title='bbox 445 2678 586 2710; x_wconf 80' lang='grc' dir='ltr'>ἕκαστον</span> <span class='ocrx_word' id='word_1_323' title='bbox 609 2678 674 2710; x_wconf 74' lang='grc' dir='ltr'><strong>τῶν</strong></span> <span class='ocrx_word' id='word_1_324' title='bbox 697 2677 879 2721; x_wconf 80' lang='grc' dir='ltr'>ῥηθέντων.</span> 
     </span>
    </p>
   </div>
  </div>
 </body>
</html>
