1837 3017
822 169 1076 208 -64—

240 271 391 313 melior'
409 279 469 313 est
495 271 683 326 potentia,
712 278 757 313 ut
783 287 885 327 quae
913 273 1197 315 contrariorum
1224 274 1276 315 sit
1303 275 1455 318 eadem.
1509 276 1658 319 Contra

238 341 278 379 in
314 339 427 379 malis
462 339 578 378 rebus
610 353 773 379 necesse
807 347 867 379 est
900 341 1018 379 finem
1053 347 1094 379 et
1129 347 1259 380 aetum
1301 342 1538 383 deteriorem
1571 357 1658 384 esse

238 407 431 462 potentia,
467 421 556 446 cum
584 419 606 445 e
635 409 811 460 potentia
848 407 967 448 etiam
1001 406 1147 448 bonum
1178 406 1273 462 quid
1307 408 1497 452 exsistere
1522 411 1658 466 possit,

240 482 350 514 actus
391 480 519 512 autem
561 474 617 512 rei
664 474 810 513 malum
851 474 995 512 habeat
1041 473 1250 526 integrum.
1318 476 1499 528 Apparet
1537 478 1659 530 igitur

242 542 384 583 malum
412 555 490 580 non
521 555 609 581 esse
637 547 751 581 extra
779 555 855 591 res,
885 555 908 581 a
932 540 996 581 17:
1031 540 1156 594 δῆλον
1189 535 1270 594 ἷίρα
1298 538 1363 583 ὅτι
1391 539 1467 585 οὐκ
1497 542 1585 586 ἔστι
1610 542 1658 586 τὰ

238 608 361 650 κακὸν
387 607 503 661 παρὰ
528 607 580 648 τὰ
608 605 841 662 πράγματα,
873 608 907 646 Ιι.
930 621 963 646 e.
992 608 1135 647 malum
1156 622 1332 648 seorsum
1361 623 1408 649 ac
1428 624 1500 664 per
1518 625 1561 651 se
1580 626 1657 651 non

239 683 432 716 constare.
488 676 594 715 Nam
628 676 824 728 posterius
861 681 1002 714 natura
1041 675 1187 716 malum
1222 684 1282 717 est
1315 691 1433 730 quam
1467 679 1658 730 potentia,

237 749 375 782 contra
410 741 657 781 substantiae
693 755 795 795 quae
830 754 901 794 per
940 754 983 779 se
1016 749 1197 782 constant
1231 749 1417 783 aeternae
1453 750 1493 783 et
1527 758 1660 784 neces·

237 811 364 851 sariae
400 810 468 850 illa
503 816 594 849 sunt
626 809 788 863 priores.
846 807 1102 862 Quapropter
1127 810 1272 851 malum
1306 811 1346 851 in
1382 810 1428 851 iis
1464 824 1552 852 esse
1579 825 1658 852 non

238 877 405 931 potest.“

344 945 583 985 Omittamus
613 943 718 996 quod
746 943 824 982 iam
852 957 971 995 supra
997 949 1136 983 contra
1154 944 1256 985 hane
1275 945 1656 998 argumentationem

239 1012 459 1053 monuimus
489 1017 608 1064 atque
643 1010 913 1049 examinemus
941 1016 1162 1051 extremam
1198 1011 1280 1051 eius
1315 1019 1486 1065 partem,
1521 1018 1657 1067 utpote

238 1081 277 1120 in
315 1076 393 1135 qua
427 1078 559 1119 omnia
593 1078 720 1131 posita
756 1077 846 1117 sint.
902 1077 1013 1117 Dicit
1046 1077 1167 1130 igitur
1199 1078 1431 1119 Aristoteles
1466 1079 1506 1119 in
1540 1080 1657 1120 rebus

239 1148 350 1187 malis
378 1154 509 1187 actum
539 1147 771 1186 deteriorem
800 1160 884 1186 esse
912 1145 1108 1198 potentia;
1145 1161 1336 1200 apparere
1364 1147 1485 1200 igitur
1511 1147 1657 1188 malum

235 1229 312 1255 non
343 1228 430 1254 esse
459 1220 573 1253 extra
609 1227 692 1263 res,
729 1227 820 1252 nam
858 1213 1054 1266 posterius
1082 1220 1224 1254 natura
1250 1215 1396 1255 malum
1425 1227 1511 1254 esse
1538 1227 1656 1268 quam

234 1282 462 1334 potentiam.
519 1281 632 1328 Quae
667 1280 886 1320 ordinanda
923 1281 1108 1320 videntur
1141 1295 1227 1321 esse
1261 1282 1299 1321 in
1334 1283 1438 1322 hune
1478 1281 1656 1322 modum:

235 1349 281 1390 In
310 1348 428 1389 rebus
458 1347 570 1387 malis
604 1353 716 1387 actus
753 1347 929 1401 potentia
963 1347 1135 1388 deterior
1163 1355 1234 1390 est.
1293 1347 1432 1403 [Atqui
1460 1349 1565 1403 quod
1594 1348 1657 1389 de·

234 1418 356 1456 terius
385 1423 462 1463 est,
491 1415 595 1454 idem
627 1422 686 1454 est
713 1416 924 1467 posterius,
953 1416 1003 1454 cf.
1032 1421 1096 1465 A,
1124 1417 1159 1455 7.
1192 1417 1292 1456 1072
1311 1432 1335 1456 a
1353 1418 1422 1456 35:
1449 1417 1520 1457 καὶ
1544 1414 1656 1457 ἔστιν

235 1480 401 1539 ἅριστον
430 1478 496 1522 ἀεὶ
525 1477 551 1535 ἢ
579 1477 782 1534 ἀνάλογον
804 1480 852 1521 τὸ
878 1483 1054 1534 πρῶτον.
1097 1483 1215 1536 Phys.
1236 1483 1353 1533 VIII,
1380 1483 1418 1523 9.
1448 1484 1526 1522 265
1544 1497 1569 1522 a
1587 1484 1655 1537 22Σ

239 1549 440 1605 πρότερον
474 1549 520 1590 δὲ
558 1549 626 1589 καὶ
662 1546 788 1601 φύσει
822 1548 891 1589 καὶ
924 1547 1032 1601 λόγῳ
1066 1549 1135 1590 καὶ
1164 1547 1295 1603 χρόνῳ
1321 1549 1369 1591 τὰ
1396 1549 1556 1591 τέλειον
1580 1551 1655 1601 μὲν

233 1621 310 1662 τοῦ
337 1615 520 1667 ἀτελοῦς,
548 1617 623 1657 τοῦ
649 1617 850 1669 φθαρτοῦ
879 1615 925 1657 δὲ
950 1615 998 1657 τὸ
1027 1611 1276 1671 ἄφθαρτοι]
1332 1616 1442 1670 Ergo
1461 1616 1654 1670 posterius

236 1688 382 1727 malum
409 1694 468 1725 est
496 1683 673 1738 potentia
706 1690 826 1736 atque
861 1685 911 1723 ob
949 1698 1034 1723 eam
1073 1699 1231 1724 causam
1267 1698 1337 1737 per
1370 1699 1413 1724 se
1440 1685 1654 1725 consistere

233 1753 383 1808 nequit.
1221 1749 1229 1756 ⁸

338 1819 598 1869 Sententiam,
628 1818 734 1873 quod
752 1818 923 1858 deterius
943 1818 1006 1869 sit,
1026 1818 1129 1858 idem
1150 1831 1237 1858 esse
1257 1818 1466 1872 posterius,
1491 1819 1653 1860 inserui-

234 1905 332 1939 mus,
369 1903 457 1928 cum
487 1886 681 1939 quomodo
716 1886 1002 1938 argumentatio
1038 1892 1155 1924 antea
1182 1886 1353 1925 melioris
1382 1893 1422 1925 et
1449 1886 1653 1927 deterioris

234 1957 457 1998 notionibus
491 1954 584 1992 nixa
619 1953 802 1993 deflectat
836 1954 883 1992 ad
913 1952 1127 2006 posterius,
1163 1952 1241 1991 alia
1274 1953 1426 1993 ratione
1461 1953 1653 2007 explicari

233 2039 349 2079 posse
384 2036 462 2063 uon
500 2021 690 2061 videatur.
746 2021 831 2060 Iam
861 2034 954 2060 num
983 2025 1137 2059 constet
1171 2018 1470 2072 demonstratio,
1509 2021 1652 2061 exami-

231 2106 383 2132 nemus,
438 2091 499 2129 Ae
534 2089 699 2140 primum
737 2087 896 2141 quidem
931 2088 1021 2127 huic
1056 2087 1387 2139 argumentationi
1420 2102 1499 2128 non
1535 2088 1652 2128 nimis

233 2159 498 2206 confidemus,
535 2170 623 2196 cum
657 2156 926 2208 proficiscatur
960 2169 984 2194 a
1012 2154 1184 2195 melioris
1218 2160 1257 2195 et
1292 2154 1496 2195 deterioris
1531 2155 1653 2196 notio·

232 2228 365 2275 nibus,
421 2238 523 2278 quae
572 2222 796 2276 primariam
845 2237 981 2262 rerum·
1024 2229 1206 2262 naturam
1254 2237 1392 2276 parum
1439 2223 1650 2275 attingant.

233 2293 388 2334 Deinde
416 2291 586 2331 vidimus
607 2291 984 2342 argumentationem
1014 2290 1125 2330 inniti
1145 2290 1351 2341 sententia,
1380 2290 1519 2331 melius
1547 2289 1651 2344 quod

231 2362 294 2411 sit,
322 2360 427 2400 idem
456 2373 542 2399 esse
570 2358 690 2411 prius.
735 2357 814 2397 Sed
840 2359 937 2398 haec
956 2358 1152 2398 sententia
1177 2358 1262 2410 ipsa
1286 2357 1389 2398 unde
1415 2358 1539 2412 petita
1566 2357 1652 2397 est‘?

231 2429 418 2469 Profecto
460 2427 551 2467 inde
592 2423 696 2478 quod
740 2425 834 2464 deus
868 2426 1040 2465 omnium
1082 2424 1251 2479 primum
1291 2431 1351 2465 est
1390 2431 1508 2479 atque
1545 2424 1649 2464 idem

232 2497 436 2549 optimum.
494 2494 565 2534 Sin
602 2500 733 2532 autem
767 2493 856 2532 inde
892 2493 996 2546 quod
1038 2492 1134 2532 deus
1168 2493 1339 2532 omnium
1374 2492 1564 2545 optimum
1599 2491 1650 2531 sit

232 2562 415 2618 idemque
457 2562 626 2616 primum
670 2559 907 2612 colligimus,
949 2574 1051 2614 quae
1093 2560 1225 2614 priora
1266 2560 1344 2600 sint
1384 2559 1522 2599 eadem
1564 2571 1649 2599 esse

234 2630 393 2670 meliora
423 2636 461 2668 et
490 2644 590 2682 quae
620 2627 782 2667 meliora
810 2628 944 2667 eadem
971 2628 1122 2679 priora,
1159 2627 1274 2667 tacite
1311 2627 1414 2667 aliud
1453 2625 1546 2678 quid
1584 2625 1648 2665 ad-
