1837 3017
724 176 974 220 -65-

149 287 290 328 dimus:
326 286 441 327 deum
476 286 643 340 primum
680 299 765 326 esse
798 285 924 326 solum
956 297 1029 324 nec
1067 298 1151 325 esse
1187 286 1299 324 iuxta
1339 297 1426 322 eum
1453 283 1554 335 prin·

148 353 292 407 cipium
320 352 426 392 mali.
480 352 620 405 Itaque
655 353 695 391 in
729 351 923 392 sententia
957 363 1059 403 quae
1089 350 1320 391 adsciscitur
1348 349 1425 388 iam
1453 348 1553 388 inest

148 417 253 472 quod
280 425 364 459 erat
392 418 738 460 demonstrandum
753 419 794 469 ¹).

250 483 295 524 Si
321 484 551 538 respicimus
582 498 683 538 quae
710 485 888 538 proxime
914 484 1109 538 disputata
1134 491 1235 535 sunt,
1263 484 1368 524 mala
1393 496 1553 538 quoque

146 553 186 592 in
213 552 287 592 hac
313 566 443 592 rerum
473 552 726 592 universitate
752 550 880 591 inesse
908 553 1137 591 Aristoteles
1165 553 1346 591 concedit
1356 552 1400 603 ²),
1439 552 1554 602 origi-

147 630 236 657 nem
269 623 399 657 autem
434 631 569 657 eorum
605 618 747 671 repetit
778 631 800 657 e
827 631 945 658 causa
977 617 1084 658 finali
1118 618 1355 672 perturbata.
1410 619 1551 672 Itaque

147 684 365 738 principem
393 686 523 724 locum
551 692 660 724 tenet
689 700 807 725 causa
825 685 964 724 finalis.
1011 685 1088 732 Qui
1109 699 1200 724 vero
1220 686 1337 724 finem
1360 700 1550 724 summum

147 763 277 791 rerum
303 751 537 805 principium
566 765 651 791 esse
679 751 780 799 vult,
814 751 918 791 idem
945 765 1104 805 prorsus
1133 765 1295 791 necesse
1322 758 1381 791 est
1408 758 1550 791 statuat

146 825 325 859 naturam
354 833 439 859 esse
467 819 684 873 providam,
714 833 814 872 quae
840 819 939 859 fines
959 820 1189 871 cogitaverit
1208 826 1326 871 atque
1345 819 1551 858 adduxerit

146 885 196 925 ad
232 887 433 936 effectum,
467 887 503 926 h.
533 901 566 926 e.
605 899 765 926 necesse
802 892 861 926 est
895 892 1095 926 auctorem
1132 885 1264 924 mundi
1300 885 1478 924 fabricati
1514 892 1552 924 et

147 952 291 991 conditi
319 954 517 992 existimet
544 967 629 992 esse
658 954 784 992 deum.
840 954 991 993 Tamen
1020 952 1271 1002 Aristoteles,
1307 952 1372 989 ubi
1407 965 1550 990 numen

147 1018 320 1059 divinum
348 1021 637 1073 agnoscendum
672 1033 758 1060 esse
787 1020 1056 1061 demonstrare
1090 1019 1240 1068 studet,
1277 1032 1355 1057 non
1384 1033 1407 1056 a
1436 1033 1553 1057 causa

146 1084 252 1125 finali
289 1087 558 1139 proficiscitur,
597 1088 665 1126 sed
702 1103 725 1127 a
760 1089 940 1129 motione.
999 1088 1110 1137 Quae
1146 1086 1339 1140 quomodo
1372 1086 1475 1125 inter
1509 1099 1550 1124 se

147 1154 393 1204 conveniant,
424 1155 553 1208 paullo
582 1155 686 1194 infra
713 1156 944 1197 videbimus.

250 1220 344 1261 Met.
364 1225 423 1272 A,
442 1222 479 1261 6.
504 1222 599 1262 1071
620 1222 646 1262 b
666 1226 808 1278 6seqq.
838 1231 1038 1264 aeternum
1059 1238 1144 1264 esse
1165 1223 1405 1262 demonstrat
1432 1228 1550 1275 atque

151 1289 375 1327 continuum
412 1296 559 1328 motum
594 1296 632 1328 et
664 1297 828 1343 tempus.
881 1292 1008 1330 Motus
1043 1298 1171 1331 autem
1209 1296 1390 1329 aeternus
1417 1297 1459 1328 ut
1486 1289 1548 1339 sit,

147 1368 244 1408 opus
278 1362 337 1395 est
370 1355 500 1409 aliquo
543 1357 646 1410 quod
683 1364 857 1406 moveat,
897 1358 1015 1412 idque
1051 1371 1213 1399 necesse
1253 1363 1311 1396 est
1344 1363 1383 1396 et
1422 1356 1548 1410 ipsum

145 1428 346 1461 aeternum
374 1423 424 1461 sit
451 1428 489 1461 et
517 1437 671 1475 semper
698 1425 737 1463 in
765 1431 855 1463 actu
883 1431 1074 1464 versetur.
1114 1426 1219 1464 Nam
1243 1424 1418 1477 potentia
1445 1422 1549 1475 quod

147 1495 227 1539 est,
264 1495 396 1543 potest
429 1488 547 1529 etiam
585 1504 663 1530 non
699 1491 864 1543 operari.
919 1491 1060 1544 Itaque
1088 1490 1336 1531 statuendum
1363 1495 1422 1529 est
1449 1488 1551 1542 prin-

146 1556 310 1609 cipium,
349 1557 458 1596 cuius
496 1556 715 1595 substantia
750 1563 860 1597 actus
893 1558 943 1597 sit
977 1565 1015 1596 et
1051 1565 1184 1598 careat
1217 1556 1392 1596 materia.
1447 1556 1552 1602 Nam

147 1622 336 1677 quidquid
371 1638 460 1664 cum
492 1624 658 1664 materia
691 1624 941 1665 coniunctum
977 1632 1053 1676 est,
1087 1625 1127 1665 in
1156 1639 1201 1665 eo
1229 1625 1330 1664 inest
1357 1623 1546 1677 potentia.

147 1689 366 1730 Potentiale
394 1697 525 1730 autem
551 1691 647 1730 nihil
674 1698 733 1731 est
760 1698 972 1731 aeternum.
1016 1693 1102 1732 Iam
1121 1706 1208 1731 cum
1229 1692 1366 1730 eadem
1394 1704 1550 1743 semper

145 1757 196 1796 sit
222 1757 395 1797 omnium
422 1771 553 1797 rerum
582 1757 821 1809 vicissitudo,
861 1766 1015 1813 oportet
1041 1759 1133 1812 poni
1160 1758 1306 1811 aliquid
1334 1759 1440 1811 quod
1467 1771 1550 1810 per·

146 1830 264 1878 petuo
292 1825 429 1866 eodem
458 1824 573 1865 modo
601 1831 706 1878 agat,
735 1832 874 1866 contra
893 1833 936 1866 ut
956 1826 1206 1880 explicemus,
1237 1825 1304 1878 qui
1323 1825 1445 1879 possit
1464 1838 1549 1865 esse

145 1892 347 1945 generatio
377 1899 416 1931 et
442 1892 641 1943 interitus,
677 1894 909 1933 sumendum
944 1894 1106 1934 alterum
1136 1899 1195 1932 est
1223 1893 1328 1946 quod
1357 1900 1395 1933 et
1421 1893 1551 1947 ipsum

145 1958 185 1999 in
219 1966 308 2000 actu
339 1966 530 2013 perpetuo
571 1960 639 2010 sit,
682 1960 750 2000 sed
792 1962 942 2000 varium
981 1975 1102 2014 usque
1138 1961 1177 1999 in
1220 1960 1394 2000 modum.
1449 1960 1552 2000 Illud

147 2032 276 2067 autem
310 2027 415 2081 quod
452 2040 607 2080 semper
642 2028 777 2068 eodem
811 2034 918 2068 motu
956 2034 1132 2068 movetur
1168 2041 1295 2082 eoque
1330 2027 1550 2078 orbiculari,

146 2094 314 2147 primum
344 2094 496 2134 caelum
523 2101 600 2143 est,
638 2095 675 2133 h.
697 2109 730 2134 e.
761 2096 910 2134 caelum
938 2095 1043 2147 quod
1078 2095 1212 2135 stellas
1240 2095 1338 2134 fixas
1367 2095 1550 2134 continet.

147 2160 249 2202 Cum
284 2175 377 2202 vero
414 2162 510 2202 nihil
548 2175 589 2201 se
627 2174 786 2200 movere
814 2162 937 2215 possit
972 2162 1120 2215 ipsum,
1158 2163 1369 2215 requiritur
1405 2161 1551 2214 aliquid

147 2228 252 2281 quod
284 2235 458 2279 moveat,
495 2228 551 2267 ita
585 2233 737 2278 tamen,
779 2234 822 2268 ut
855 2225 983 2282 ipsum
1017 2243 1095 2270 non
1134 2235 1352 2281 moveatur3
1393 2244 1484 2269 nam
1519 2229 1552 2269 si

146 2303 387 2347 moveretur,
429 2296 478 2336 ab
515 2295 590 2336 alio
626 2309 701 2348 quo
745 2302 976 2336 moveretur.
1031 2298 1171 2351 Itaque
1204 2297 1453 2337 statuendum
1472 2306 1474 2308 ’
1494 2303 1553 2337 est

147 2363 314 2416 primum
342 2370 533 2404 motorem
562 2376 654 2412 esse¹
675 2364 897 2413 immotum,
935 2364 1181 2417 eundemque
1210 2371 1431 2412 aeternum,
1465 2364 1552 2403 sub-

234 2536 255 2576 ¹)
279 2539 446 2569 Bonitzius
470 2548 598 2579 quoque
614 2540 697 2570 hanc
711 2539 895 2569 Aristotelis
912 2541 1221 2580 argumentationem
1237 2539 1414 2579 impugnat,
1439 2547 1551 2570 verum

147 2588 211 2620 alin
232 2596 326 2631 atque
349 2602 407 2623 nos
429 2591 562 2622 ratione.
608 2593 656 2625 Cf.
681 2593 753 2624 Met.
778 2597 947 2624 comment,
970 2603 1000 2634 p.
1020 2597 1091 2626 407.

235 2642 259 2682 ’)
282 2645 357 2677 Met.
381 2646 420 2684 A,
444 2648 473 2678 4.
497 2647 560 2675 984
575 2644 596 2676 b
616 2647 666 2676 32.

1285 2703 1309 2742 5
