1837 3017
763 145 1020 185 „69-

188 251 315 308 ἧδονὴ
355 248 381 306 ἦ
420 250 620 306 ἐνέργεια,
662 250 1017 306 expergefieri,
1058 250 1332 304 percipere,
1374 248 1589 300 cogitare

186 319 589 363 iucundissimum
637 325 728 370 est,
774 332 883 373 spes
929 323 1083 358 autem
1127 324 1173 358 et
1216 315 1588 358 recordationes

187 393 382 443 propter
408 388 524 427 haec
551 389 631 427 scil.
658 387 962 427 iucundissimae
989 392 1098 435 sunt,
1125 387 1164 426 h.
1186 400 1218 424 e.
1246 391 1457 439 propterca
1485 384 1588 436 quod

188 454 236 496 ad
270 468 386 495 unam
423 467 472 494 ex
503 454 579 494 illis
614 453 830 494 actionibus
873 458 1063 507 spectant.
1118 453 1202 493 Iam
1242 453 1290 493 ad
1324 465 1517 493 summam
1551 457 1590 490 et

185 522 559 576 praestantissimam
575 523 714 561 mentis
734 522 927 561 humanae
942 521 1133 560 actionem
1148 521 1443 561 describendam
1460 527 1589 560 trans-

184 589 226 628 it.
268 588 437 627 Dixerat
464 588 565 628 enim
593 588 744 642 primae
772 587 1013 627 substantiae
1038 587 1158 627 vitam
1185 603 1269 628 esse
1300 589 1430 637 talem,
1461 587 1587 641 qualis

184 654 296 696 nobis
331 668 621 708 nonnumquam
659 668 731 709 per
757 655 878 694 breve
916 654 1102 707 temporis
1130 654 1297 709 spatium
1333 657 1587 708 contingeret.

184 726 326 778 Itaque
358 724 436 763 iam
470 722 746 762 declarandum
776 728 853 772 est,
889 735 991 775 quae
1025 729 1158 762 nostra
1185 723 1235 762 sit
1259 723 1340 762 vita
1367 723 1513 775 optima
1539 736 1585 761 ac

183 790 530 846 praestantissima.
587 789 860 828 Beatissimam
896 794 1026 829 autem
1059 789 1278 829 hominibus
1307 789 1423 829 vitam
1451 804 1587 843 suppe-

183 859 281 899 ditat
316 872 468 898 summa
504 857 646 896 mentis
686 856 800 895 actio.
868 856 1111 908 Cogitatio
1153 871 1262 895 vero
1303 871 1386 909 per
1427 871 1473 896 se
1514 858 1586 896 est

182 926 284 965 eius
334 925 459 978 quod
499 939 583 977 per
624 937 671 962 se
712 923 934 976 optimum
978 929 1052 962 est
1097 929 1144 962 et
1189 938 1366 963 summa
1408 922 1584 962 summi.

180 993 285 1032 Nam
313 991 483 1044 dignitas
512 990 759 1043 cogitationis
787 990 930 1042 pendet
958 1004 1009 1029 ex
1028 1003 1074 1028 eo
1093 990 1197 1043 quod
1226 991 1434 1043 cogitatur,
1461 990 1508 1028 cf.
1527 993 1586 1038 Λ,

179 1059 215 1098 9.
248 1059 347 1098 1074
367 1059 391 1096 b
412 1059 581 1111 29seqq.
639 1057 802 1098 Summa
829 1071 921 1096 vero
956 1063 1016 1096 est
1043 1057 1226 1109 cogitatio
1255 1065 1294 1097 et
1320 1058 1484 1111 optima,
1517 1057 1584 1096 ubi

181 1132 306 1167 semet
330 1126 457 1180 ipsum
486 1124 707 1165 intellectus
737 1123 895 1178 cogitat.
952 1124 1117 1165 semet
1147 1125 1300 1179 ipsum
1336 1131 1491 1165 autem
1518 1125 1586 1165 in·

179 1195 418 1233 tellectus
447 1192 650 1245 cogitat,
679 1207 781 1232 cum
809 1192 1076 1245 participet
1102 1192 1444 1245 intellegibile.
1500 1193 1583 1231 Hoc

181 1260 274 1314 quid
311 1259 384 1299 sibi
418 1260 512 1298 velit
551 1260 739 1313 proximis
776 1259 1006 1298 brevissime
1046 1260 1264 1312 exponitur.
1322 1260 1584 1312 Intellegi-

180 1328 299 1366 bilis
327 1327 449 1365 enim
480 1327 685 1365 exsistit
712 1327 1124 1379 comprehendens
1150 1334 1194 1365 et
1219 1327 1470 1379 cogitans,
1498 1327 1581 1366 scil.

180 1392 468 1445 intellegibilia,
509 1393 548 1431 h.
570 1406 601 1431 e.
631 1394 810 1432 notiones
843 1393 925 1431 sive
961 1394 1105 1432 formas
1134 1406 1157 1430 a
1183 1395 1348 1432 materia
1376 1393 1581 1433 seiunctas.

180 1456 405 1513 θιγγάνων,
443 1460 492 1499 cf.
524 1461 578 1509 Θ,
608 1460 666 1499 10.
699 1459 793 1499 1051
816 1459 840 1497 b
860 1460 932 1506 24,
961 1460 1028 1499 ubi
1057 1459 1196 1498 dicitur
1224 1460 1272 1498 de
1301 1460 1582 1512 cognoscendis

180 1526 406 1567 substantiis
426 1526 679 1577 simplicibus.
716 1525 860 1577 [Aliter
878 1526 1059 1565 Brandis.
1080 1525 1135 1575 11,
1157 1527 1193 1565 2.
1218 1529 1249 1575 1,
1268 1528 1364 1566 577:
1397 1528 1465 1575 „In
1495 1528 1586 1566 {thn-

178 1595 300 1634 licher
319 1593 457 1633 Weise
484 1593 579 1632 wird
608 1607 698 1631 vom
726 1592 940 1643 gettlichen
972 1593 1110 1633 Geiste
1137 1600 1288 1646 gesagt,
1317 1594 1406 1632 dass
1434 1609 1476 1633 er
1504 1594 1583 1633 sich

179 1660 402 1701 bertihrend
432 1660 513 1700 sich
542 1659 671 1699 selber
698 1659 863 1699 denke.“
902 1660 1028 1709 Quam
1058 1660 1417 1714 interpretationem
1445 1660 1585 1714 probat

179 1727 421 1783 Schwegler.
450 1727 624 1779 Metaph.
653 1727 724 1776 IV,
754 1743 792 1779 p.
809 1728 897 1768 266.
940 1728 1064 1767 Nobis
1083 1733 1214 1767 autem
1233 1742 1279 1765 ea
1305 1728 1582 1780 psychologiae

178 1794 440 1835 Aristoteleae
459 1793 659 1834 adversari
678 1793 860 1848 videtun]
888 1795 960 1834 ita
988 1801 1040 1834 ut
1066 1795 1191 1834 idem
1221 1794 1283 1833 sit
1302 1794 1580 1834 intellectus

180 1867 227 1900 et
273 1860 633 1912 intellegibile.
689 1862 713 1899 b
744 1863 813 1899 21:
860 1859 963 1901 ὥστε
1001 1858 1147 1900 ταύτὸν
1186 1862 1278 1908 νοῦς
1317 1860 1387 1901 καὶ
1424 1859 1580 1912 νοητόν.

175 1928 277 1968 Nos:
306 1927 386 1980 „sie
413 1927 531 1966 fallen
562 1928 824 1968 zusammen.“
879 1929 997 1969 Nam
1023 1929 1070 1968 id
1101 1928 1226 1982 quod
1253 1929 1476 1982 recipere
1504 1943 1582 1982 po·

97 1993 104 1999 ’
174 2000 275 2034 test
299 1994 637 2047 intellegibile
666 2002 810 2049 atque
837 1996 1156 2035 substantiam
1185 2001 1257 2035 est
1283 1996 1578 2036 intellectus.

176 2062 201 2101 b
221 2062 292 2101 22:
330 2062 407 2102 τοῦ
434 2064 580 2114 νοητοῦ
607 2062 676 2103 καὶ
700 2065 772 2116 τῆς
799 2059 952 2110 οὐσίας.
989 2060 1059 2102 καί
1090 2063 1282 2116 particula
1309 2064 1372 2102 hic
1401 2063 1581 2116 quemad-

176 2128 332 2169 modum
368 2129 594 2182 saepissime
625 2129 730 2182 apud
769 2129 1015 2168 Aristotelem
1053 2130 1202 2169 notioni
1239 2131 1411 2182 generali
1452 2130 1578 2179 aliam,

179 2209 280 2249 quae
308 2209 390 2235 rem
419 2196 637 2235 accuratius
666 2195 870 2248 significet,
900 2196 1088 2248 adiungit,
1119 2197 1166 2236 cf.
1188 2197 1333 2236 Waitz.
1355 2197 1503 2250 Organ.
1524 2197 1578 2247 II,

176 2278 213 2317 p.
234 2264 308 2303 397
321 2278 379 2317 sq.
437 2262 590 2302 Bonitz.
620 2263 714 2302 Met.
746 2269 952 2303 comment.
985 2279 1022 2317 p.
1039 2264 1127 2304 218.
1180 2265 1439 2317 Intellegibile
1476 2264 1576 2304 enim

177 2331 281 2384 quod
319 2330 539 2369 intellectus
571 2330 711 2382 recipit
748 2344 877 2369 rerum
913 2331 1040 2370 forma
1076 2332 1261 2371 materiae
1288 2332 1468 2371 immunis
1495 2332 1577 2371 sive

175 2398 391 2439 substantia
419 2403 488 2436 est.
545 2398 664 2437 Actu
694 2404 853 2438 autem
882 2406 970 2448 est,
1006 2400 1092 2439 ubi
1119 2399 1283 2448 habet,
1322 2399 1402 2438 scil.
1431 2399 1576 2438 intelle·

175 2466 312 2519 gibile,
348 2466 385 2504 h.
406 2478 440 2504 e.
480 2465 546 2504 ubi
579 2466 728 2506 formae
766 2481 808 2506 re
841 2468 880 2506 in
916 2468 1117 2507 intellectu
1146 2467 1287 2506 insunt.
1343 2468 1444 2506 Tum
1473 2465 1575 2506 enim

140 2582 150 2585 Λ
177 2547 296 2586 opere
333 2547 402 2572 suo
436 2532 611 2585 fungitur
649 2541 687 2573 et
721 2539 808 2573 actu
847 2540 924 2584 est,
959 2536 1021 2574 vel
1060 2542 1102 2575 ut
1138 2534 1352 2573 accuratius
1381 2534 1575 2573 dicamus:

177 2606 262 2641 tum
294 2602 457 2652 θεωρεῖ.
511 2600 613 2641 Nam
652 2601 830 2655 proprius
865 2602 1086 2642 intellectus
1119 2608 1224 2643 actus
1259 2609 1317 2640 est
1349 2603 1575 2657 speculatio,
