1837 3017
753 191 797 197 ..
854 167 879 208 3
934 191 979 197 -

161 288 228 315 aes
255 287 343 315 esse
369 286 527 315 causam
559 273 760 324 movendi,
793 286 868 313 nec
902 274 1043 314 faeere
1058 272 1210 326 lignum
1238 271 1381 310 lectum
1410 276 1477 310 aut
1504 284 1570 311 aes

160 347 340 390 statuam,
368 341 438 381 sed
465 339 573 381 aliud
601 340 694 395 quid
723 354 806 381 esse
834 340 1057 382 mutationis
1085 352 1256 380 causam.
1299 337 1413 378 Hanc
1440 344 1568 378 autem

162 423 364 463 quaerere,
390 409 431 449 id
451 408 525 449 sibi
543 408 656 458 velle,
683 407 873 462 indagare
892 409 1055 449 alterurn
1075 421 1282 448 causarum
1301 418 1438 459 genus,
1465 405 1571 445 unde

161 477 365 518 exordium
400 476 449 517 sit
482 476 662 517 motionis
676 475 717 529 ¹).
773 477 852 517 Sed
887 492 974 518 cum
1011 489 1061 516 ne
1098 475 1199 515 duae
1233 472 1392 528 quidem
1428 487 1570 534 causae

161 545 255 585 satis
304 544 451 585 fuerint
495 544 545 584 ad
595 550 722 584 ortum
773 559 904 593 rerum
943 551 1204 595 naturamque
1249 541 1569 594 intellegendam,

161 625 296 652 rursus
324 611 491 652 veritate
524 611 609 665 ipsa
644 612 892 667 philosophos
919 612 1077 652 tertiam
1104 616 1148 650 ut
1173 609 1458 663 investigarent
1484 622 1571 648 esse

162 677 335 719 adactos.
392 678 509 728 Quod
544 679 647 719 enim
683 680 784 720 bene
816 687 855 720 et
887 680 1050 733 pulchre
1087 678 1187 718 aliae
1223 691 1287 717 res
1315 690 1357 716 se
1374 677 1568 726 habeant,

162 746 338 786 oriantur
356 747 466 796 aliae,
495 760 624 800 neque
644 760 693 787 ex
713 747 913 788 elementis
932 760 1087 787 causam
1107 751 1287 799 repetere
1306 745 1423 785 licere
1440 759 1569 797 neque

162 813 271 856 casui
298 827 395 867 opus
421 819 502 853 tam
530 827 715 867 magnum
742 820 901 869 tamque
929 814 1174 868 praeclarum
1203 825 1289 852 esse
1307 813 1568 854 tribuendum.

162 879 230 921 Sic
262 881 452 934 impulsos
490 894 576 921 esse
608 883 880 937 philosophos,
920 888 966 922 ut
1005 881 1151 921 ordinis
1191 880 1570 935 pulchritudinisque

162 961 263 1002 quae
296 948 337 987 in
370 948 445 988 hac
477 962 606 989 rerum
640 950 895 990 universitate
930 953 1113 988 cernatur
1153 962 1313 988 causam
1353 955 1572 988 statuerent

96 1055 99 1057 ,
162 1021 347 1066 mentem,
376 1016 450 1056 hoc
477 1023 546 1068 est,
575 1016 626 1056 ut'
647 1018 928 1057 constituerent
946 1029 1103 1055 causam
1123 1015 1292 1055 finalem.
1348 1015 1418 1055 Sin
1440 1021 1572 1056 autem

161 1083 318 1123 finalem
345 1084 532 1123 sumimus
560 1097 729 1135 causam,
757 1098 837 1124 una
864 1095 1123 1136 agnoscamus
1151 1095 1312 1121 necesse
1338 1088 1395 1122 est
1417 1096 1573 1123 causam

161 1151 387 1202 formalem,
427 1151 573 1205 quippe
607 1165 709 1204 quae
742 1152 936 1191 artissime
970 1151 1072 1191 inter
1104 1164 1147 1190 se
1175 1150 1423 1190 cohaereant.
1480 1151 1574 1205 Ipsa

161 1218 282 1272 igitur
309 1233 440 1259 rerum
467 1225 609 1258 natura
633 1219 885 1273 philosophos
919 1226 963 1260 ut
996 1224 1180 1273 quattuor
1206 1218 1291 1258 illas
1320 1232 1456 1258 causas
1485 1232 1571 1259 con-

162 1285 368 1327 stituerent
394 1286 571 1326 adduxit.
608 1286 696 1335 Quo
717 1286 984 1328 demonstrato
1004 1287 1155 1340 reliqua
1174 1300 1275 1339 quae
1294 1286 1343 1325 ab
1361 1286 1571 1327 Aristotele

161 1356 202 1394 in
228 1354 586 1407 metaphysicorum
613 1354 713 1394 libro
741 1355 867 1408 primo
896 1355 945 1395 de
973 1354 1215 1408 superiorum
1251 1353 1571 1407 philosophorum

163 1421 367 1461 sententiis
398 1422 606 1462 traduntur
633 1423 814 1461 omittere
845 1435 962 1475 posse
989 1421 1103 1461 nobis
1130 1421 1321 1471 videmur,
1356 1436 1442 1461 cum
1471 1434 1572 1475 quae

163 1489 291 1530 adhuc
326 1489 525 1542 disputata
555 1495 647 1529 sunt
680 1489 881 1544 proposito
909 1495 1041 1530 nostro
1069 1488 1277 1529 sufficiant.
1333 1487 1439 1529 Satis
1468 1489 1572 1530 enim

163 1557 459 1611 comprobatum
496 1570 583 1597 esse
615 1563 818 1610 putamus,
862 1563 1045 1612 quattuor
1078 1570 1181 1611 quae
1214 1556 1351 1596 statuit
1382 1557 1573 1611 principia

161 1610 413 1666 Aristotelem
439 1624 642 1680 repetiisse
670 1639 720 1665 ex
747 1625 833 1680 ipsa
858 1640 991 1667 rerum
1018 1631 1171 1667 natura.

265 1693 347 1734 Sed
373 1694 451 1733 iam
479 1692 778 1746 progrediamur
806 1693 855 1733 ad
883 1707 1075 1734 summam
1112 1707 1229 1747 quam
1266 1693 1466 1734 constituit
1492 1694 1574 1747 phi-

163 1761 350 1815 losophus
369 1774 540 1810 causam,
569 1759 619 1800 ad
640 1774 797 1800 causam
815 1761 972 1802 finalem
992 1761 1213 1802 accuratius
1233 1761 1571 1801 considerandam.

164 1829 225 1868 Ac
252 1827 420 1882 primum
448 1827 607 1881 quidem
646 1834 877 1881 argumenta
911 1829 1052 1882 quibus
1087 1843 1173 1869 eam
1209 1829 1248 1869 in
1276 1842 1407 1869 rerum
1433 1834 1573 1869 natura

163 1896 342 1937 obtinere
370 1895 627 1949 comprobare
654 1895 800 1935 studuit
827 1897 1054 1937 examinare
1085 1897 1214 1937 liceat.
1267 1897 1370 1936 Nam
1398 1897 1573 1936 homines

164 1962 322 2017 quidem
350 1962 449 2004 fines
476 1961 550 2002 sibi
576 1976 796 2017 proponere
825 1969 943 2018 atque
970 1964 1153 2019 persequi
1178 1977 1307 2016 posse,
1337 1964 1576 2005 demonstra·

163 2030 270 2071 tione
298 2044 416 2084 egere
444 2044 523 2082 nqn
549 2032 702 2083 putavit
713 2031 758 2084 ¹).
814 2034 880 2073 Ex
916 2032 990 2072 illis
1026 2038 1158 2072 autem
1186 2033 1426 2085 argumentis
1454 2046 1573 2071 unum

162 2098 240 2138 iam
281 2098 462 2139 vidimus.
519 2098 708 2139 Ordinem
743 2099 845 2139 enim
881 2099 935 2139 ait
968 2114 1015 2139 ac
1049 2100 1379 2154 pulchritudinem
1408 2113 1506 2153 quae
1534 2098 1574 2138 in

161 2166 237 2206 hac
272 2151 405 2207 rer‘um
436 2166 692 2207 universitate
729 2174 914 2206 cernatur
949 2167 1129 2220 adegisse
1163 2168 1432 2221 philosophos,
1474 2172 1518 2206 ut
1551 2180 1575 2205 a

162 2240 295 2275 mente
319 2248 450 2275 rerum
477 2233 711 2288 principium
739 2240 931 2287 peterent.
987 2235 1103 2284 Quod
1131 2235 1310 2288 quamvis
1330 2235 1575 2275 verissimum

164 2315 251 2342 esse
276 2302 481 2343 Aristoteli
515 2301 774 2343 concedamus
809 2307 929 2355 atque
966 2303 1168 2343 hominum
1202 2302 1351 2342 animos
1384 2302 1434 2341 ab
1470 2302 1576 2341 omni

165 2369 398 2422 antiquitate
431 2369 604 2410 maxime
641 2367 776 2408 mundi
809 2369 1035 2425 ordinisque
1077 2370 1182 2410 eius=
1201 2375 1240 2410 et
1279 2368 1576 2424 pulchritudinis

164 2442 336 2491 aspectu,
356 2443 401 2477 ut
418 2437 594 2478 divinum
613 2451 759 2477 numen
778 2445 1049 2490 agnoscerent,
1075 2451 1161 2478 esse
1181 2445 1396 2478 commotos
1416 2436 1577 2477 credere

165 2503 389 2554 conveniat,
430 2510 561 2545 tamen
597 2506 671 2546 hoc
709 2511 985 2558 argumentum
1026 2506 1120 2546 satis
1154 2520 1234 2547 non
1274 2520 1359 2546 esse
1399 2510 1575 2558 apparet.

255 2594 278 2635 ¹)
301 2596 376 2628 Met.
399 2596 439 2635 A,
463 2598 491 2629 8.
516 2598 579 2629 984
593 2607 613 2628 a
631 2600 745 2637 18sqq.

255 2650 278 2690 ¹)
301 2649 376 2681 Eth.
399 2650 518 2691 Nie.·1‚
546 2653 572 2684 1.
596 2652 641 2682 iu.
685 2651 782 2682 Polit.
805 2651 831 2691 1,
859 2653 885 2682 l.
911 2650 959 2684 in.

1285 2705 1334 2747 1³1¹
