1837 3017
811 119 1089 160 -116—

243 223 303 264 sio
336 223 500 265 tollitur.
551 224 685 264 Antea
720 224 826 264 enim
855 224 1090 265 Aristoteles
1123 224 1462 267 demonstraverat
1494 227 1660 281 primam

241 290 503 332 substantiam
544 304 631 332 esse
671 297 802 331 actum
840 296 1060 331 aeternum.
1116 291 1240 345 Atqui
1276 297 1387 332 actus
1421 292 1662 348 voluptatem

241 358 377 410 affert3
413 371 516 412 quae
551 364 611 398 est
644 364 830 398 constans
856 357 1083 398 Aristotelis
1119 359 1333 409 sententia,
1370 360 1421 399 cf.
1442 360 1542 402 ¹Eth.
1571 362 1660 401 Nic.

241 424 339 476 VII,
370 425 432 465 13.
463 426 564 466 1153
583 440 608 466 a
629 426 691 466 12.
720 425 776 475 X,
802 424 972 484 451174
989 424 1015 464 b
1034 424 1099 465 23.
1153 425 1265 479 Ergo
1283 425 1661 480 prima‘substantia,

243 506 332 532 cum
359 491 409 531 ab
438 492 546 533 omni
574 493 807 533 aeternitate
834 492 873 532 in
902 497 993 532 actu
1020 497 1211 543 versetur,
1244 499 1285 533 et
1311 493 1513 546 voluptate
1540 494 1662 536 utitur

244 564 285 598 et
324 572 483 612 semper
517 574 566 601 ea
597 561 732 600 utitur.
786 558 947 611 Optime
987 558 1109 612 igitur
1151 560 1251 599 haec
1293 562 1584 613 argumentatio
1618 576 1661 603 se

242 626 376 676 habet,
404 641 535 680 neque
562 628 692 667 minus
718 626 843 666 facilis
864 631 923 665 est
941 625 1216 679 disputationis
1236 626 1286 666 ad
1307 641 1356 666 ea
1374 642 1477 680 quae
1495 643 1662 682 sequun-

241 699 307 733 tur
333 693 543 734 transitus:
580 694 690 736 Deus
716 706 872 746 semper
898 692 980 732 vita
1005 692 1141 735 utitur,
1157 693 1394 743 beatissima,
1423 708 1511 734 cum
1540 695 1658 736 etiam

242 761 488 815 voluptatem
520 768 631 801 actus
668 760 834 810 efficiat;
868 765 989 813 atque
1023 760 1074 800 ob
1109 760 1211 801 hane
1238 775 1418 813 causam,
1452 761 1490 801 h.
1509 776 1544 802 e.
1573 777 1660 817 pro·

241 835 383 883 pterea
416 828 520 882 quod
556 829 676 868 etiam
716 828 900 881 voluptas
944 833 1075 867 actum
1116 828 1382 881 consequitur,
1425 829 1659 882 expergisci,

243 896 462 949 percipere,
491 895 666 948 cogitare
693 901 754 934 est
780 893 1114 934 iucundissimum.
1160 894 1328 934 Videtur
1354 900 1486 935 autem
1513 893 1660 937 τούτου

241 963 452 1015 genetivus
478 962 649 1002 insertus
677 974 764 1001 esse
784 961 834 1001 ab
854 961 999 1015 aliquo,
1029 961 1097 1015 qui
1116 976 1205 1002 cum
1221 961 1503 1002 sententiarum
1523 963 1661 1004 cohae-

241 1030 410 1069 rentiam
442 1042 523 1068 non
550 1028 645 1067 satis
672 1028 941 1081 intellegeret,
980 1027 1094 1066 illud:
1128 1026 1221 1068 ἐπεὶ
1252 1027 1321 1067 καὶ
1348 1024 1473 1081 ἡδονή
1503 1026 1526 1081 ἦ
1555 1029 1659 1081 ἐνέρ-

241 1111 347 1149 γεια,
376 1095 515 1136 referri
543 1108 623 1135 non
650 1108 766 1148 posse
793 1094 868 1135 nisi
895 1094 947 1134 ad
973 1094 1091 1135 deum
1123 1094 1369 1148 opinabatur.
1424 1094 1513 1143 Quo
1542 1097 1658 1137 modo

239 1164 382 1204 multos
422 1161 528 1214 apud
569 1161 825 1202 Aristotelem
866 1161 973 1201 locos
1015 1168 1222 1214 corruptos
1263 1176 1349 1202 esse
1389 1163 1658 1217 unusquisque

240 1229 443 1281 concedet,
473 1229 541 1284 qui
567 1229 608 1270 in
638 1228 995 1283 metaphysicorum
1023 1228 1133 1269 libris
1161 1243 1184 1270 a
1204 1229 1387 1271 Bonitzio
1406 1229 1519 1271 editis
1537 1231 1658 1272 verba

239 1298 289 1338 ab
318 1299 476 1338 homine
505 1297 731 1339 doctissimo
757 1297 869 1336 uncis
898 1296 1051 1336 inclusa
1077 1297 1400 1337 consideraverit.

712 1694 1048 1754 Excursus
1090 1693 1172 1754 V.

342 1837 407 1875 De
425 1836 543 1874 anim.
564 1836 645 1884 III,
664 1836 701 1874 6.
720 1836 799 1874 430
814 1836 837 1874 b
852 1836 993 1887 6seqq.
1014 1835 1250 1874 Aristoteles
1269 1836 1344 1874 tria
1362 1837 1653 1878 individuorum

236 1915 388 1956 genera
424 1901 639 1953 distinguit.
696 1904 757 1943 Ac
794 1902 963 1956 primum
1003 1901 1161 1954 quidem
1196 1902 1317 1942 verba
1348 1903 1443 1944 facit
1476 1905 1525 1945 de
1558 1905 1655 1946 indi-

236 1969 356 2008 viduo
393 1969 499 2022 quod
533 1969 574 2007 in
608 1969 788 2021 quantita
822 1970 990 2022 positum
1020 1975 1101 2018 est,
1139 1969 1258 2008 veluti
1287 1969 1392 2009 linea
1419 1977 1457 2010 et
1484 1978 1653 2026 tempus,

235 2036 261 2077 b
280 2037 424 2078 6—14.
467 2035 624 2077 Deinde
651 2036 882 2090 progeditur
909 2035 959 2077 ad
987 2035 1231 2077 individuum
1258 2037 1437 2090 notionis,
1466 2040 1490 2080 b
1514 2042 1571 2081 14.
1594 2042 1653 2082 15.

235 2104 421 2158 Denique
459 2104 611 2158 profert
644 2104 684 2144 id
719 2104 824 2157 quod
867 2103 1088 2157 privatione
1129 2104 1371 2145 individuum
1415 2113 1490 2157 est,
1534 2108 1654 2148 veluti

233 2178 424 2224 punctum
453 2179 494 2213 et
521 2172 712 2225 temporis
740 2178 992 2221 momentum,
1020 2172 1058 2212 b.
1087 2173 1149 2213 20.
1177 2173 1239 2213 21.
1295 2173 1408 2221 Quae
1435 2175 1526 2215 inde
1553 2191 1588 2216 a.
1616 2191 1653 2215 v.

233 2238 259 2278 b
290 2240 338 2279 16
374 2253 501 2293 usque
535 2239 586 2280 ad
614 2254 651 2278 v.
681 2238 705 2278 b
726 2239 776 2278 20
808 2239 1009 2290 leguntur:
1047 2239 1150 2280 κατὰ
1186 2238 1442 2293 συμβεβήκός
1478 2242 1544 2291 δέ,
1583 2242 1653 2283 καὶ

232 2303 305 2356 οὐχ
332 2299 362 2360 ᾗ
389 2305 521 2348 ἐκεῖνα
549 2303 752 2359 διαιρετά,
781 2299 812 2360 ᾧ
839 2310 926 2346 νοεῖ
951 2306 1020 2347 καὶ
1047 2306 1090 2346 ἐν
1117 2299 1150 2359 ᾦ
1173 2305 1316 2362 χρόνῳ,
1345 2305 1439 2349 ἀλλ’
1464 2303 1494 2363 ᾗ
1521 2307 1653 2350 ἀδιαί·

231 2388 347 2428 ρετα·
384 2375 516 2417 ἔνεστι
551 2372 627 2428 γάρ
662 2371 736 2414 κᾶν
768 2372 930 2422 τούτοις
963 2390 1005 2414 τι
1038 2371 1290 2428 ἀδιαίρετον,
1339 2373 1432 2416 ἀλλ’
1469 2375 1570 2426 ἴσως
1604 2374 1653 2417 οὐ

228 2440 445 2496 χωριστόν,
481 2439 505 2484 ὃ
532 2446 650 2484 ποιεῖ
682 2442 751 2485 ἕνα
784 2442 855 2484 τὸν
886 2440 1029 2495 χρόνον
1062 2442 1132 2484 καὶ
1167 2442 1214 2483 τὸ
1248 2446 1389 2498 μῆκος.
1425 2445 1494 2486 καὶ
1525 2442 1650 2486 τοῦθ’

233 2507 387 2561 ὁμοίως
428 2511 470 2553 ἐν
512 2510 667 2553 ἅπαντί
706 2511 792 2553 ε’στι
833 2514 890 2565 τῷ
931 2515 1087 2561 συνεχεῖ
1131 2510 1201 2552 καὶ
1238 2511 1369 2567 χρόνῳ
1409 2514 1479 2554 καὶ
1517 2512 1650 2567 μήκει,

232 2591 417 2630 magnam
435 2579 583 2619 habent
598 2579 879 2620 difficultatem.
911 2579 1085 2618 Primum
1106 2578 1209 2618 enim
1225 2593 1246 2618 e
1262 2581 1455 2620 sententia
1474 2586 1651 2620 extrema
