1837 3017
811 165 883 228 ⁵-
942 196 1120 237 100,-

265 314 345 341 non
383 301 576 342 omnibus.
633 300 715 342 Sed
749 302 880 343 omnia
913 301 981 341 illa
1014 315 1249 355 percensere
1284 302 1382 343 alius
1421 309 1483 344 est
1516 302 1685 358 disputa-

263 369 395 409 tionis.
452 371 593 422 Itaque
628 384 707 410 non
741 372 855 425 plura
889 370 1034 409 addere
1069 371 1266 421 volumus,
1302 385 1419 424 quam
1455 386 1558 425 quae
1592 371 1685 411 satis

264 449 350 476 esse
381 436 564 476 videntur
591 437 640 477 ad
668 436 1015 492 comprobandum,
1045 451 1123 477 non
1153 444 1299 478 temere
1324 438 1432 478 illam
1453 438 1686 479 sententiam

264 519 287 543 a
316 504 426 543 nobis
457 517 543 543 esse
570 507 825 558 propositam.

369 570 538 626 Saepius
568 572 674 627 apud
703 572 958 613 Aristotelem
986 571 1171 625 legimus,
1201 572 1307 628 quod
1334 573 1448 614 Plato
1476 586 1539 613 res
1568 572 1685 613 sensi-

262 639 362 679 biles
389 639 567 680 idearum
598 655 683 680 esse
711 641 923 695 participes
944 640 1059 690 dicat,
1089 655 1233 681 vanum
1264 655 1350 682 esse
1370 647 1489 695 atque
1514 641 1632 680 inane
1644 640 1685 692 ¹).

266 706 349 746 Iam
379 713 422 746 ut
451 707 738 762 intellegamuS‚
768 723 886 761 quam
915 708 1061 748 habeat
1089 709 1414 762 significationem
1442 709 1538 748 illud
1558 709 1687 748 Plato-

262 775 416 824 nicum,
456 790 519 814 res
548 776 713 815 sensiles
742 777 977 828 participare
1004 777 1132 824 ideas,
1168 783 1323 816 utamur
1360 778 1542 830 exemplo
1578 777 1683 830 quod

263 841 341 881 iam
372 856 491 895 supra
520 842 735 882 attulimus.
780 843 889 882 Deus
918 856 967 882 ex
988 843 1164 884 Platonis
1191 845 1389 884 sententia
1417 845 1543 884 visum
1572 845 1684 884 nobis

262 910 427 962 largitus
468 916 543 959 est,
579 916 621 948 ut
655 910 729 949 hac
766 925 897 950 rerum
931 911 1186 951 universitate
1219 912 1379 964 cognita
1414 919 1532 965 atque
1560 911 1684 950 firmis

266 984 304 1016 et
332 977 604 1016 constantibus
632 977 834 1016 stellarum
864 978 1056 1017 meatibus
1084 978 1301 1017 observatis
1330 978 1380 1017 ad
1401 978 1684 1032 philosophiam

263 1051 301 1084 et
329 1045 480 1084 animae
509 1044 754 1084 harmoniam
782 1045 1092 1096 perveniremus.
1138 1047 1272 1099 Atque
1299 1045 1402 1093 idem
1431 1044 1683 1085 iudicandum

262 1118 322 1151 est
357 1112 405 1151 de
440 1112 576 1164 lingua
613 1118 652 1151 et
685 1112 840 1162 auditu,
882 1112 1200 1165 quandoquidem
1245 1119 1284 1152 et
1325 1113 1485 1166 linguae
1518 1127 1609 1151 usus
1645 1118 1684 1151 et

261 1194 445 1218 sonorum
481 1193 696 1231 eorumque
731 1180 960 1218 harmoniae
993 1179 1192 1231 perceptio
1225 1170 1436 1232 plurimum
1472 1181 1605 1219 valent
1632 1179 1683 1219 ad

260 1245 454 1286 sedandas
491 1251 610 1299 atque
636 1237 956 1299 ⁸compescendas
993 1245 1111 1285 animi
1150 1247 1515 1301 perturbationes¹).
1570 1246 1682 1286 Deus

259 1314 380 1366 igitur
413 1314 608 1352 hominem
645 1315 712 1353 ubi
753 1315 903 1353 creavit
936 1315 1177 1366 cogitatione
1221 1315 1295 1353 sibi
1339 1315 1453 1355 finxit
1493 1331 1600 1365 eum,
1640 1322 1681 1354 ut

263 1382 393 1421 anima
434 1388 610 1422 uteretur
651 1381 869 1435 sapientiae
911 1388 951 1422 et
991 1381 1219 1422 harmoniae
1259 1382 1389 1435 plena.
1456 1383 1568 1423 Haec
1609 1373 1712 1423 fuit⁴

261 1449 430 1488 hominis
472 1449 560 1488 idea
604 1454 722 1501 atque
756 1449 939 1501 ad‘hanc
981 1449 1077 1488 deus
1116 1449 1219 1487 hunc
1261 1450 1457 1489 hominem
1497 1450 1680 1489 sensilem

262 1516 484 1568 composuit
524 1516 753 1570 addiditque
791 1517 917 1555 visum
959 1522 997 1556 et
1032 1515 1206 1556 auditum
1246 1530 1292 1555 ac
1326 1517 1520 1571 linguam,
1558 1523 1602 1557 ut
1642 1523 1681 1557 et

261 1590 396 1636 posset
425 1585 632 1636 pervenire
661 1586 710 1623 ad
739 1585 856 1623 finem
890 1584 1134 1636 propositum
1163 1591 1201 1623 et
1229 1586 1459 1624 incitaretur
1485 1599 1531 1624 ac
1551 1585 1681 1624 stimu-

259 1650 409 1689 laretur
437 1651 486 1689 ad
516 1650 623 1690 illum
654 1650 983 1705 persequendum.
1041 1651 1124 1691 Iam
1161 1659 1328 1705 apparet
1360 1653 1452 1707 quid
1482 1652 1555 1691 sibi
1585 1652 1680 1692 velit

258 1717 354 1756 illud
385 1717 581 1756 hominem
613 1720 851 1771 participare
880 1718 1021 1757 ideam.
1077 1719 1222 1758 Effecit
1255 1720 1358 1759 enim
1389 1720 1484 1759 deus
1512 1720 1679 1758 hominis

257 1792 437 1825 naturam
475 1800 581 1836 eam,
619 1792 661 1825 ut
696 1785 808 1826 ideae
846 1785 1084 1839 respondeat
1111 1793 1231 1840 atque
1259 1787 1297 1827 in
1327 1787 1412 1841 ipso
1441 1787 1534 1827 insit
1562 1793 1602 1826 et
1628 1787 1680 1827 fa-

260 1854 385 1893 cultas
421 1861 459 1892 et
495 1854 666 1893 studium
700 1855 804 1893 illius
839 1854 877 1892 in
916 1868 958 1892 se
992 1855 1118 1906 magis
1147 1855 1354 1907 magisque
1384 1855 1678 1907 exprimendae.

260 1921 387 1962 Simul
417 1934 510 1960 vero
540 1934 589 1960 ex
617 1921 675 1961 his
704 1920 964 1973 intellegitur,
995 1920 1099 1975 apud
1129 1921 1335 1962 Platonem
1362 1920 1460 1961 ideis
1488 1921 1679 1962 contineri

260 2004 417 2028 causam
447 1990 617 2027 finalem.
675 1990 714 2027 Is
745 1989 847 2027 enim
877 1989 1043 2027 hominis
1070 1990 1158 2027 finis
1188 1996 1259 2037 est,
1289 1995 1330 2027 ut
1357 1995 1536 2027 naturam
1567 2003 1677 2028 suam

260 2056 388 2109 magis
417 2062 456 2096 et
484 2055 609 2108 magis
639 2054 913 2097 accommodet
941 2054 990 2094 ad
1020 2054 1148 2095 ideam
1178 2061 1217 2096 et
1243 2055 1346 2095 hanc
1374 2055 1413 2095 in
1442 2063 1566 2096 semet
1591 2056 1677 2111 ipso

256 2130 544 2177 repraesentet3
574 2130 689 2176 atque
711 2124 759 2162 ob
782 2125 881 2162 lianc
903 2137 1061 2162 causam
1087 2123 1209 2162 utitur
1228 2124 1327 2171 visu,
1357 2123 1502 2173 auditu,
1530 2125 1677 2177 lingua.

258 2191 326 2232 Sic
355 2191 473 2231 etiam
503 2190 608 2243 apud
627 2190 835 2231 Platonem
856 2205 956 2245 quae
986 2190 1181 2230 inferioris
1209 2197 1301 2230 sunt
1329 2189 1474 2230 ordinis
1503 2191 1679 2231 serviunt

255 2259 473 2312 potioribus
510 2259 963 2311 praestantioribusque‚
1006 2257 1045 2296 in
1084 2273 1161 2312 quo
1197 2272 1339 2298 causae
1373 2259 1500 2298 finalis
1535 2265 1677 2299 natura

256 2341 404 2380 magna
440 2341 488 2366 ex
518 2333 631 2381 parte
659 2325 848 2366 consistit.
906 2326 961 2366 Et
995 2332 1127 2366 tamen
1156 2326 1391 2366 Aristoteles
1425 2327 1679 2380 reprehendit

257 2394 438 2448 magistri
475 2395 714 2441 doctrinam,
755 2393 858 2446 quod
901 2394 939 2433 in
976 2407 1023 2433 ea
1056 2408 1175 2434 causa
1209 2394 1337 2434 finalis
1372 2393 1619 2435 desideretur
1632 2395 1675 2447 ⁸).

343 2512 364 2548 ¹)
389 2511 464 2541 Met.
491 2512 529 2549 A,
555 2513 583 2541 9.
609 2512 670 2541 992
689 2520 708 2540 a
724 2512 783 2540 28:
806 2508 842 2540 τὸ
858 2507 925 2551 γὰρ
940 2511 1104 2551 μετέχειν,
1130 2507 1243 2552 ὥσπερ
1268 2507 1507 2553 καὶπρότερον
1523 2512 1675 2552 εἴπομεν,

253 2562 356 2597 οὐθέν
379 2564 480 2597 ἔστιν.

346 2619 367 2656 ²)
391 2619 474 2650 Plat.
498 2619 582 2648 Tim.
607 2621 647 2649 46
657 2620 695 2650 D.

346 2670 369 2710 ³)
394 2672 471 2704 Met.
496 2672 535 2710 A,
561 2674 589 2702 7.
614 2674 675 2703 988
692 2672 713 2703 b
732 2673 759 2703 6.
806 2681 833 2703 c.
860 2674 889 2704 9.
915 2674 975 2702 992
993 2672 1078 2703 1229.
