1837 3017
803 169 1054 209 „34-

220 273 307 315 Iam
334 272 666 329 quemadmodum
694 280 825 329 partes
860 273 1037 328 corporis
1065 273 1209 314 durare
1236 279 1498 329 naturamque
1525 288 1634 316 suam

219 349 357 382 tenere
376 357 454 382 non
474 348 650 395 possunt,
680 342 748 381 ubi
768 356 791 381 a
810 355 974 395 corpore
994 348 1087 381 sunt
1105 348 1340 395 segregatae
1358 356 1405 381 ac
1424 342 1636 392 seiunctae,

219 410 277 452 sic
304 423 355 451 ne
383 409 560 450 homines
588 408 750 463 quidem
778 409 896 450 finem
923 424 1038 450 suum
1066 414 1230 464 possunt
1249 408 1426 463 adipisci,
1454 408 1522 450 ubi
1548 408 1638 450 civi·

220 480 310 518 tatis
339 477 621 517 communitate
650 484 786 517 carent
803 477 843 528 ¹).
899 478 1041 529 Itaque
1075 483 1217 516 natura
1243 476 1465 516 hominibus
1499 475 1640 515 indidit

220 546 410 600 impetum
450 544 755 585 consociationis
788 544 826 585 id
865 545 1022 598 generis
1061 542 1255 585 ineundae
1288 549 1408 597 atque
1444 543 1639 585 concessit

217 612 445 652 facultatem
475 612 632 650 dicendi
661 619 700 650 et
727 611 1002 664 intellegendi,
1033 612 1126 665 quid
1153 612 1321 665 probum
1351 611 1418 659 sit,
1447 610 1541 663 quid
1568 611 1639 651 im-

218 679 404 734 probum,
440 685 559 734 atque
594 667 872 733 11181111111111111
908 679 976 730 sit,
1013 680 1106 734 quid
1143 679 1340 720 iniustum.
1395 679 1462 720 Ex
1496 679 1639 721 talibus

217 761 313 788 vero
342 747 465 787 oritur
494 752 533 785 et
560 746 709 786 familia
728 753 768 786 et
786 747 923 786 civitas
935 747 978 800 ¹).
1023 748 1092 789 Sic
1118 754 1259 787 natura
1286 746 1482 788 hominem
1509 749 1640 789 effecit

217 815 361 855 animal
402 813 617 868 politicum.
674 813 828 862 Quibus
871 815 1062 867 expositis
1104 815 1181 854 iam
1223 828 1415 868 apparere
1442 821 1638 869 putamus,

218 882 313 936 quid
341 882 414 922 sibi
442 881 536 921 velit
565 881 662 920 illud
684 881 982 922 Aristoteleum:
1013 882 1213 923 civitatem
1241 888 1280 922 et
1308 882 1423 923 domo
1443 889 1483 924 et
1509 883 1640 936 singu·

216 950 263 989 lis
293 948 515 989 hominibus
545 961 632 987 esse
659 949 845 1002 priorem.

323 1017 381 1057 Ut
408 1017 544 1069 paucis
575 1017 883 1070 complectamur
911 1032 1013 1071 quae
1033 1017 1161 1057 adhuc
1181 1017 1378 1070 disputata
1397 1023 1498 1068 sunt,
1528 1031 1638 1070 repe-

218 1084 339 1125 rimus
370 1097 512 1125 causae
546 1083 672 1124 finalis
709 1084 815 1139 apud
842 1085 1098 1126 Aristotelem
1137 1083 1215 1125 vim
1243 1090 1362 1139 atque
1389 1090 1570 1126 naturam
1597 1085 1637 1126 in

221 1154 280 1192 his
309 1159 512 1206 quattuor:
540 1153 710 1206 primum
740 1154 779 1192 in
808 1168 854 1193 eo
878 1154 984 1206 quod
1012 1167 1125 1193 suum
1150 1154 1292 1206 cuique
1321 1168 1419 1205 opus
1446 1160 1506 1192 est
1532 1167 1640 1193 exse·

216 1220 429 1275 quendum,
460 1219 603 1261 deinde
630 1220 670 1261 111
695 1221 892 1262 contraria
912 1236 1013 1275 quae
1032 1220 1134 1262 inter
1153 1220 1430 1274 cogitationem
1450 1227 1489 1262 et
1507 1226 1635 1262 ortum

215 1295 283 1328 aut
311 1289 562 1328 effectionem
580 1289 791 1328 intercedit
809 1289 974 1338 ratione,
1004 1295 1087 1328 tum
1107 1289 1147 1328 in
1169 1302 1214 1328 eo
1237 1288 1342 1342 quod
1361 1294 1485 1329 totum
1504 1294 1636 1341 partes

216 1356 420 1397 constituit
446 1355 573 1410 iisque
603 1362 662 1396 est
697 1356 822 1410 prius,
859 1356 1028 1410 denique
1065 1356 1171 1411 quod
1204 1355 1391 1397 inferiora
1417 1355 1636 1410 potioribus

214 1423 650 1477 praestantioribusque
679 1423 924 1482 subiciuntur
953 1430 1072 1477 atque
1099 1424 1146 1463 iis
1175 1423 1363 1462 serviunt.

322 1491 403 1532 Sed
431 1491 510 1530 iam
539 1491 644 1531 aliud
672 1491 767 1544 quid
795 1491 1019 1532 addendum
1047 1497 1118 1532 est.
1161 1491 1271 1531 Finis
1299 1491 1403 1532 idem
1431 1498 1490 1531 est
1517 1497 1636 1544 atque

217 1558 423 1611 bonum³),
458 1571 504 1598 ac
539 1558 685 1612 duplici
721 1558 879 1612 quidem
914 1558 1042 1599 modo.
1098 1547 1274 1599 Primum
1309 1559 1413 1600 enim
1440 1557 1539 1598 fines
1568 1556 1635 1611 qui

312 1679 331 1718 ¹)
357 1679 452 1710 Polit.
476 1680 502 1719 1,
528 1682 556 1711 2.
584 1681 665 1712 1253
683 1690 702 1711 a
721 1682 776 1712 18:
799 1680 857 1711 καὶ
879 1677 1045 1723 πρότερον
1068 1677 1109 1721 δὴ
1133 1680 1172 1723 τῇ
1194 1677 1297 1723 φύσει
1320 1674 1450 1719 πόλιςῆ
1467 1679 1557 1710 οἰκία
1575 1678 1632 1710 καὶ

214 1733 353 1769 ἕκαστος
380 1731 476 1776 ἡμῶν
504 1733 604 1766 ἐστίν.
633 1731 669 1765 τὸ
700 1732 766 1775 γὰρ
794 1731 875 1767 ὅλον
902 1732 1069 1778 πρότερον
1097 1732 1288 1776 ἀναγκαῖον
1311 1732 1398 1767 εἶναι
1418 1733 1478 1765 τοῦ
1499 1733 1634 1776 μέρους·

214 1786 465 1830 ἀναιρουμένου
494 1786 560 1830 γὰρ
583 1789 643 1819 τοῦ
667 1785 748 1819 ὅλου
773 1787 834 1819 οὐκ
866 1788 960 1819 ἔσται
983 1787 1069 1822 ποὺς
1092 1785 1172 1819 οὐδὲ
1190 1790 1279 1828 χείρ,
1314 1789 1343 1819 εἰ
1363 1785 1411 1830 μὴ
1435 1785 1636 1829 ὁμωνύμως,

214 1838 328 1884 ὥσπερ
352 1843 384 1873 εἴ
403 1852 451 1876 τις
473 1841 566 1882 λέγοι
589 1838 649 1881 τὴν
672 1841 817 1880 λιθίνην·
842 1840 1077 1885 διαφθαρεῖσα
1100 1840 1166 1884 γὰρ
1190 1840 1283 1874 ἔσται
1298 1837 1446 1881 τοιαύτη.
1469 1837 1581 1873 πάντα
1597 1839 1636 1872 δὲ

214 1896 259 1936 τῷ
283 1895 370 1937 ἔργῳ
393 1892 532 1937 ὥρισται
561 1896 618 1926 καὶ
648 1895 688 1937 τῇ
720 1892 879 1938 δυνάμει,
909 1893 993 1927 ὥστε
1020 1897 1138 1938 μηκέτι
1165 1897 1302 1928 τοιαῦτα
1333 1891 1414 1928 ὄντα
1438 1892 1478 1927 οὐ
1501 1896 1636 1928 λεκτέον

214 1948 254 1980 τὰ
279 1946 363 1979 αὐτὰ
388 1947 473 1980 εἶναι
496 1945 573 1978 ἀλλ’
599 1945 778 1990 ὁμώνυμα.
803 1945 853 1980 ὅτι
875 1948 941 1990 μὲν
965 1944 1061 1988 οὖνὴ
1079 1946 1175 1984 πόλις
1193 1950 1251 1980 καὶ
1274 1947 1375 1991 φύσει
1399 1946 1635 1992 καὶπρότερον

214 1998 233 2042 ἢ
257 2001 407 2041 ἕκαστος,
431 2001 545 2041 δῆλον·
569 2002 598 2033 εἰ
619 2001 685 2043 γὰρ
708 2000 755 2045 μὴ
779 1999 945 2045 αὐτάρκης
968 2002 1107 2037 ἕκαστος
1123 2004 1316 2046 χωρισθείς,
1340 1999 1464 2046 ὁμοίως
1486 2005 1555 2039 τοῖς
1576 1997 1636 2034 ‹351-

214 2057 285 2090 λοις
305 2057 444 2098 μέρεσιν
468 2055 532 2090 ἕξει
555 2053 639 2097 πρὸς
661 2054 696 2086 τὸ
721 2052 814 2088 ὅλον.

307 2111 328 2149 ²)
353 2111 390 2142 L.
413 2111 436 2141 1.
461 2121 479 2141 a
500 2113 530 2140 l:
556 2109 592 2140 ἐκ
615 2107 742 2142 τούτων
765 2106 826 2142 οὖν
850 2108 1002 2152 φανερὸν
1026 2107 1077 2142 ὅτι
1100 2110 1166 2143 τῶν
1189 2107 1292 2152 φύσει
1314 2107 1333 2150 ἡ
1356 2108 1453 2145 πόλις
1474 2110 1555 2150 ἐστί,
1578 2110 1636 2142 καὶ

212 2161 262 2196 ὅτι
287 2160 470 2206 ἅνθρωπος
493 2161 596 2204 φύσει
617 2163 789 2196 πολιτικὸν
807 2165 891 2204 ζῷον
894 2186 1066 2195 ......
1092 2162 1198 2196 οὐθὲν
1212 2162 1291 2206 γὰρ,
1315 2160 1358 2198 ὡς
1373 2165 1503 2206 φαμέν,
1524 2161 1635 2206 μάτην

213 2215 232 2258 ἡ
257 2215 359 2260 φύσις
382 2220 483 2258 ποιεῖ,
507 2214 612 2259 λόγον
635 2216 673 2249 δὲ
695 2215 804 2259 μόνον
828 2214 1009 2260 ἅνθρωπος
1035 2218 1102 2260 ἔχει
1124 2218 1191 2251 τῶν
1213 2214 1316 2259 ζῴων.
1338 2215 1358 2258 ἡ
1377 2217 1443 2261 μὲν
1459 2213 1521 2251 οὖν
1537 2216 1635 2261 φωνὴ

211 2273 270 2305 τοῦ
294 2272 448 2315 λυπηροῦ
471 2273 528 2303 καὶ
551 2269 649 2311 ἡδέος
673 2270 743 2303 ἐστὶ
766 2275 915 2313 σημεῖον,
948 2270 1001 2304 διὸ
1030 2274 1088 2304 καὶ
1115 2274 1184 2307 τοῖς
1212 2267 1327 2308 ἄλλοις
1353 2269 1498 2314 ὑπάρχει
1529 2269 1633 2314 ζῴοις·

211 2328 311 2371 μέχρι.
333 2325 400 2368 γὰρ
424 2324 543 2359 τούτου
565 2325 583 2367 ἡ
601 2324 705 2369 φύσις
728 2323 838 2358 αὐτῶν
861 2325 1022 2368 ἐλήλυθεν
1039 2323 1123 2358 ὥστε
1145 2324 1376 2359 αἰσθάνεσθαι
1397 2327 1458 2359 τοῦ
1481 2326 1634 2369 λυπηροῦ

213 2382 271 2412 καὶ
298 2378 396 2421 ἡδέος
425 2382 482 2411 καὶ
509 2381 614 2412 ταῦτα
645 2382 821 2423 σημαίνειν
844 2378 1010 2421 ἀλλήλοις·
1045 2377 1062 2411 ὁ
1087 2379 1126 2411 δὲ
1148 2377 1248 2421 λόγος
1271 2380 1328 2411 ἐπὶ
1349 2380 1395 2420 τῷ
1417 2379 1542 2420 δηλοῦν
1565 2380 1635 2411 ἐστὶ

212 2433 248 2466 τὸ
273 2435 453 2477 συμφέρον
476 2435 533 2466 καὶ
555 2432 592 2466 τὸ
616 2430 795 2475 βλαβερόν,
824 2431 907 2467 ὥστε
938 2435 996 2467 καὶ
1018 2433 1054 2467 τὸ
1080 2433 1214 2467 δίκαιον
1236 2434 1294 2465 καὶ
1315 2431 1352 2465 τὸ
1376 2428 1508 2466 ἄδικον.
1535 2433 1632 2465 τοῦτο

212 2487 297 2529 πρὸς
319 2484 424 2520 τᾶλλα
449 2489 513 2528 ζῷα
541 2491 610 2523 τοῖς
634 2485 831 2528 ἀνθρώποις
857 2488 958 2528 ἴδιον,
987 2488 1023 2520 τὸ
1052 2486 1163 2530 μόνον
1191 2485 1326 2528 ἀγαθοῦ
1355 2488 1413 2519 καὶ
1439 2487 1548 2519 κακοῦ
1575 2486 1633 2517 καὶ

214 2540 348 2573 δικαίου
372 2542 430 2573 καὶ
452 2538 574 2572 ἀδίκου
599 2541 656 2572 καὶ
679 2540 746 2573 τῶν
769 2535 879 2575 ἄλλων
902 2543 1063 2583 αἴσθησιν
1086 2541 1186 2584 ἔχειν.
1214 2537 1233 2582 ἡ
1259 2540 1296 2573 δὲ
1319 2537 1447 2574 τούτων
1470 2540 1631 2573 κοινωνία

214 2599 305 2626 ποιεῖ
327 2598 440 2627 οἰκίαν
462 2597 519 2626 καὶ
541 2593 655 2627 πόλιν.

302 2646 324 2686 ³)
348 2648 423 2679 Met.
448 2649 492 2689 A,
518 2650 547 2680 3.
573 2650 634 2681 983
651 2657 670 2679 a
687 2649 748 2679 31:
777 2644 932 2692 τετάρτην
961 2647 1000 2680 δὲ
1027 2646 1086 2690 τὴν
1116 2645 1349 2694 ἀντικειμένην
1378 2648 1490 2681 αἰτίαν
1517 2644 1631 2690 ταύτῃ,
