1837 3017
771 140 1021 180 -25-

198 257 353 287 causam
382 247 538 287 finalem
565 247 767 301 requirere
793 246 1012 287 materiam.
1058 247 1170 287 Haec
1197 251 1329 287 autem
1357 258 1428 299 per
1454 258 1497 284 se
1523 245 1604 286 uni-

197 319 278 354 tate
310 328 467 368 prorsus
501 320 629 366 caret3
671 315 806 368 itaque
847 328 966 353 causa
1006 314 1132 354 finalis
1171 321 1215 354 ut
1248 328 1327 354 una
1360 312 1410 352 sit
1442 313 1605 352 materia

197 381 564 437 efficit31constituit
591 382 692 422 enim
711 382 888 432 formam,
918 395 996 434 qua
1015 380 1235 421 continetur
1257 379 1445 421 substrati
1463 379 1603 419 unitas.

197 446 245 486 Id
273 448 376 500 quod
405 449 550 502 optime
579 449 851 502 cognoscimus
879 462 901 487 e
928 447 1026 487 Met.
1055 448 1105 497 Z,
1138 449 1196 497 17,
1232 448 1299 487 ubi
1335 447 1406 499 „Si
1435 446 1605 486 rei-cau-

196 515 317 565 sam,“
348 515 412 567 ait,
443 516 703 570 „quaerimus‚
734 515 956 570 quaerimus
975 528 1045 554 cur
1063 515 1136 554 hoc
1155 514 1349 554 substrato
1378 515 1477 554 haec
1497 519 1605 554 certa

195 581 295 621 insit
314 584 493 635 qualitas,
522 583 605 622 sive
633 598 703 623 cur
731 583 821 622 huic
847 582 1045 622 substrato
1065 582 1137 621 hoc
1160 582 1407 621 tribuendum
1428 584 1476 622 sit
1495 595 1605 635 prae-

198 648 378 690 dicatum.
433 651 501 691 Sic
520 651 551 690 si
572 651 659 705 quis
687 650 854 703 quaerit,
883 663 952 689 cur
978 650 1087 698 haec,
1113 647 1219 699 ταδί,
1248 649 1368 688 veluti
1395 650 1537 689 lateres
1565 656 1604 688 et

195 715 313 768 ligna,
342 718 419 758 sint
447 718 595 769 domus,
623 717 718 758 nihil
744 717 849 757 aliud
869 717 1021 769 quaerit
1040 716 1128 766 nisi,
1157 717 1247 757 huic
1273 717 1472 766 materiae,
1501 730 1603 769 quae

196 796 267 835 per
284 797 325 823 se
344 785 492 825 unitate
520 791 628 825 caret
646 783 770 838 (ταδί,
799 784 950 824 animus
975 784 1237 824 advertendus
1258 790 1317 823 est
1336 783 1386 823 ad
1414 784 1601 836 pluralem

198 852 429 905 numerum),
463 867 532 892 cur
561 854 632 892 hoc
663 858 813 891 certum
840 851 1108 905 praedicatum
1135 851 1340 890 tribuatur.
1399 852 1495 890 1041
1516 851 1541 889 b
1561 852 1602 890 4:

199 915 292 959 ἐπεὶ
317 918 364 961 δὲ
391 920 455 961 δεῖ
479 918 582 971 ἔχειν
608 935 653 961 τε
680 919 749 962 καὶ
775 916 973 972 ὑπάρχειν
1000 917 1047 959 τὸ
1075 913 1192 967 εἶναι,
1221 918 1346 971 δῆλον
1373 917 1424 972 δή
1445 916 1510 960 ὅτι
1531 917 1603 972 τὴν

197 983 294 1038 ὕλην
321 986 430 1038 ζητεῖ
452 986 546 1028 ταδὶ
573 987 643 1029 διὰ
670 986 711 1029 τί
737 987 902 1040 ἐστιν’).

300 1054 469 1096 Causam
497 1057 615 1108 igitur
643 1056 815 1109 quaerit,
854 1070 954 1109 quae
990 1061 1033 1095 ut
1070 1053 1233 1095 materia
1260 1059 1408 1092 certum
1437 1068 1484 1093 ac
1512 1055 1603 1094 defi—

196 1120 318 1160 nitum
356 1122 449 1176 quid
485 1122 534 1162 sit
569 1112 723 1163 efficiat.
777 1122 889 1162 Haec
926 1127 1056 1162 autem
1090 1127 1149 1161 est
1184 1118 1231 1160 τὸ
1266 1117 1307 1160 τί
1332 1114 1380 1173 ἤν
1408 1115 1533 1170 εἶναι,
1571 1122 1601 1161 si

196 1188 377 1229 universe
412 1186 610 1230 notionem
649 1197 890 1244 spectamus,
927 1191 1038 1231 2228:
1074 1189 1193 1231 τοῦτο
1225 1186 1266 1230 δ’
1287 1187 1372 1230 ἐστὶ
1405 1188 1452 1229 τὸ
1487 1187 1529 1230 τί
1554 1185 1603 1243 ἦν

199 1250 324 1305 εἶναι,
354 1253 410 1305 ὡς
437 1255 566 1298 εἰπεῖν
592 1257 819 1311 λογικῶς’).
875 1258 1007 1297 Veluti
1040 1258 1162 1298 haece
1197 1262 1288 1296 sunt
1325 1256 1482 1306 domus,
1511 1259 1603 1311 quia

197 1324 420 1378 suppeditat
445 1313 484 1365 id
513 1326 616 1380 quod
645 1332 730 1365 erat
756 1327 862 1365 notio
888 1325 1037 1375 domus,
1066 1325 1091 1364 b
1111 1327 1155 1365 5:
1183 1318 1272 1365 οἷον
1291 1321 1400 1364 οἰκία
1417 1325 1511 1365 ταδὶ
1531 1325 1602 1367 διὰ

195 1388 236 1432 τί
244 1410 258 1442 ,·
287 1388 351 1435 ὅτι
368 1388 541 1447 ὑπάρχει
560 1390 675 1437 ταδί,
705 1391 729 1433 ὅ
749 1388 797 1446 ἦν
816 1390 924 1447 οἰκίᾳ
943 1387 1108 1442 &hasty
1164 1394 1296 1444 Atque
1321 1392 1419 1431 haec
1439 1395 1603 1434 materia

197 1459 279 1499 sive
307 1461 380 1500 hoc
407 1454 561 1514 corpus‘
573 1461 689 1500 homo
718 1467 792 1510 est,
826 1459 929 1513 quod
962 1460 1065 1499 inest
1095 1459 1135 1498 id
1165 1459 1267 1512 quod
1297 1465 1381 1498 erat
1407 1460 1512 1500 notio
1540 1462 1605 1501 ho-

197 1525 322 1577 minis,
352 1527 376 1566 b
396 1529 442 1567 6:
470 1526 539 1569 καὶ
565 1523 788 1582 ἅνθρωπος
814 1524 917 1576 τοδί,
946 1523 1036 1581 ἢτό
1055 1527 1172 1577 σῶμα
1189 1526 1312 1567 τοῦτο
1338 1527 1430 1568 τοδὶ
1456 1524 1545 1578 ἕχον
1557 1528 1603 1583 ⁴).

284 1701 306 1740 ¹)
329 1702 529 1734 Vocabulum
552 1701 631 1734 ταδί
650 1707 724 1734 ante
745 1700 802 1734 διὰ
824 1704 859 1734 τί
879 1702 968 1735 ἐστιν
996 1703 1035 1734 de
1062 1703 1246 1734 coniectura
1274 1702 1399 1733 addidit
1419 1704 1600 1742 Bonitzius,

194 1755 232 1786 cf.
246 1755 413 1788 Observat.
436 1757 506 1787 crit.
531 1767 561 1797 p.
580 1760 630 1788 99.
666 1758 728 1789 Sed
751 1759 779 1788 si
801 1758 879 1798 quid
901 1757 1006 1796 video,
1029 1756 1114 1794 τοδί,
1136 1767 1200 1788 non
1223 1755 1304 1787 ταδί
1323 1760 1390 1787 erat
1411 1756 1600 1790 addendum.

196 1809 276 1840 Nam
300 1811 458 1842 sententia
479 1817 528 1843 est
551 1812 646 1844 haec:
675 1812 816 1852 quaerit,
840 1812 973 1843 materia
995 1820 1051 1842 cur
1072 1810 1134 1841 hoc
1155 1813 1276 1841 certum
1299 1819 1336 1841 ac
1358 1809 1526 1841 definitum
1548 1812 1601 1843 sit.

196 1864 331 1894 Materia
353 1865 481 1904 quidem
504 1869 553 1896 est
580 1864 673 1903 ταδί,
701 1875 772 1896 cum
800 1875 856 1905 per
885 1874 919 1895 se
949 1866 1074 1895 unitate
1099 1867 1218 1902 careat,
1251 1867 1362 1894 contra
1384 1865 1602 1904 praedicatum

195 1921 243 1947 est
264 1927 381 1956 unum,
410 1929 505 1958 quam
529 1919 569 1950 ob
593 1929 723 1950 causam
745 1929 877 1949 numero
900 1917 1146 1958 significandum
1173 1921 1221 1947 est
1244 1918 1424 1958 singulari,
1456 1919 1496 1949 cf.
1522 1922 1601 1950 1041

194 1972 278 2001 226:
311 1971 369 2001 καὶ
391 1969 447 2001 διὰ
471 1974 504 2002 τί
522 1971 611 2011 ταδί,
636 1967 710 2004 οἷον
734 1972 871 2003 πλίνθοι
895 1971 952 2002 καὶ
975 1971 1077 2008 λίθοι,
1103 1969 1191 1999 οἰκία
1215 1968 1321 2006 saum
1350 1970 1371 2001 b
1389 1974 1424 2002 2:
1449 1968 1534 2002 ἀλλὰ
1555 1972 1603 2014 μὴ

194 2022 350 2065 διορίζειν
372 2022 421 2056 ὅτι
445 2022 525 2056 τάδε
548 2025 702 2067 (intelleg.
726 2026 906 2064 materiam)
929 2021 1005 2055 τάδε
1030 2024 1184 2063 (intelleg.
1201 2024 1422 2064 praedicatum
1443 2027 1513 2057 sive
1528 2026 1603 2057 sub-

193 2078 367 2117 stantiam).
401 2078 422 2109 b
436 2080 471 2109 5:
497 2073 569 2110 οἷον
593 2080 682 2109 οἰκία
705 2077 782 2110 ταδὶ
806 2076 862 2108 διὰ
885 2079 933 2114 τί;
956 2077 987 2109 h.
1011 2086 1037 2107 e.
1061 2085 1118 2107 cur
1139 2076 1220 2108 haec
1241 2079 1375 2108 materia
1397 2082 1446 2108 est
1468 2078 1603 2110 domus?

281 2131 305 2170 ²)
329 2132 376 2163 Cf.
400 2133 609 2164 Trendelenb.
639 2134 726 2164 Hist.
751 2133 848 2163 Beitr.
872 2133 905 2170 1,
927 2142 958 2171 p.
975 2134 1025 2161 41.
1072 2131 1149 2161 Met.
1173 2132 1216 2170 Z,
1250 2134 1294 2162 17.
1322 2132 1439 2163 1041b
1457 2135 1491 2162 7:
1521 2129 1602 2164 ὥστε

192 2183 228 2217 τὸ
253 2187 361 2218 αἴτιον
384 2187 521 2225 ζητεῖται
548 2185 603 2226 τῆς
630 2183 724 2225 ὕλης·
752 2185 848 2216 τοῦτο
873 2182 909 2215 δ’
936 2183 1006 2215 ἐστὶ
1034 2183 1070 2216 τὸ
1095 2183 1184 2220 εἶδος
1206 2176 1233 2227 ᾧ
1255 2187 1290 2217 τί
1309 2184 1414 2218 ἐστιν·
1445 2186 1541 2218 τοῦτο
1565 2184 1599 2217 δ’

194 2237 212 2280 ἡ
237 2238 348 2272 οὐσία.

283 2293 307 2333 ³)
329 2294 393 2324 Hic
415 2303 507 2331 sane,
539 2294 616 2333 quin
641 2293 800 2324 scribatur
821 2291 910 2332 τοδί,
940 2292 1010 2324 fieri
1033 2294 1164 2324 omnino
1180 2318 1182 2320 .
1196 2304 1258 2325 non
1282 2298 1405 2334 potest,
1436 2304 1508 2326 cum
1531 2306 1601 2326 sen-

193 2348 294 2378 tentia
316 2348 358 2378 sit
381 2347 473 2378 haec:
496 2348 573 2386 quia
595 2348 679 2378 inest
701 2348 734 2378 id
757 2347 842 2387 quod
865 2350 931 2377 erat
953 2347 1055 2378 forma
1077 2351 1109 2377 et
1130 2348 1219 2377 notio
1243 2348 1364 2379 domus.

281 2400 305 2439 ⁴)
328 2400 539 2431 Scribendum
560 2411 630 2432 esse
651 2401 746 2433 nobis
762 2401 905 2432 videtur:
929 2400 986 2431 καὶ
1000 2396 1183 2442 ἅνθρωπος
1198 2399 1278 2431 ταδί
1298 2406 1349 2440 ,et
1363 2402 1442 2432 haec
1456 2402 1599 2442 materia,

193 2454 280 2493 ταδί,
304 2455 398 2486 homo
422 2456 594 2500 estfxscil.
619 2452 669 2487 ὅτι
691 2453 832 2497 ὑπάρχει
855 2454 940 2494 τοδί,
968 2451 987 2485 δ’
1008 2449 1049 2494 ἢν
1070 2452 1106 2486 τὸ
1131 2451 1301 2496 ἀνθρώπῳ
1324 2454 1420 2486 εἶναι.
1465 2455 1601 2495 Saepius

194 2510 322 2550 quidem
344 2510 378 2539 in
401 2509 461 2540 hoc
483 2510 774 2550 metaphysicorum
798 2509 901 2548 capite
923 2509 1132 2540 mutavimus.
1171 2508 1232 2539 Sed
1247 2509 1281 2538 in
1297 2509 1354 2538 tali
1370 2510 1600 2540 sententiarum

193 2563 396 2595 cohaerentia
417 2572 547 2602 prorsus
568 2573 698 2594 necesse
721 2572 790 2593 esse
812 2565 982 2602 putamus,
1011 2563 1175 2593 materiam
1199 2561 1376 2601 significari
1399 2562 1518 2601 plurali
1541 2573 1601 2594 nu·

191 2626 277 2648 mero
300 2615 415 2658 (ταδί),
438 2616 596 2658 singulari
614 2615 716 2657 (τοδί)
733 2617 865 2648 formam
882 2619 912 2647 et
928 2615 1152 2648 substantiam.
1200 2615 1369 2648 Facillime
1383 2620 1488 2647 autem
1504 2616 1601 2650 libra-
